%
% International journals
%%%%%%%%%%%%%%%%%%%%%%%%%%%%%%%


@article{QS_MDPI2021,
	title = {Performance Evaluation of the Priority Multi-Server System MMAP/PH/M/N Using Machine Learning Methods},
	article-number = {3236},
	author = {Vishnevsky, Vladimir and Klimenok, Valentina and Sokolov, Alexander and Larionov, Andrey},
	doi = {10.3390/math9243236},
	issn = {2227-7390},
	journal = {Mathematics},
	number = {24},
	volume = {9},
	year = {2021},
 addendum        = {(Scopus, WoS)}
}

@article{RFID_JRFID2017,
  title           = {{UHF RFID in Automatic Vehicle Identification: Analysis and Simulation}},
  author          = {Larionov, Andrey A. and Ivanov, Roman E. and Vishnevsky, Vladimir M.},
  doi             = {10.1109/JRFID.2017.2751592},
  issn            = {2469-7281},
  journal         = {IEEE Journal of Radio Frequency Identification},
  mendeley-groups = {My Sorted Publications/RFID Performance},
  month           = {3},
  number          = {1},
  pages           = {3--12},
  publisher       = {IEEE},
  volume          = {1},
  year            = {2017},
  language        = {english},
  authorwos       = {true},
  authorscopus    = {true},
  addendum        = {(Scopus, WoS)}
}

@article{WINET_IJPAM2016,
  title           = {{Review of methodology and design of broadband wireless networks with linear topology}},
  author          = {Vishnevsky, Vladimir and Krishnamoorthy, Achyutha and Kozyrev, Dmitry and Larionov, Andrei},
  doi             = {10.1007/s13226-016-0190-7},
  issn            = {09757465},
  journal         = {Indian Journal of Pure and Applied Mathematics},
  mendeley-groups = {My Sorted Publications/Wireless Networks},
  number          = {2},
  pages           = {329--342},
  volume          = {47},
  year            = {2016},
  language        = {english},
  authorwos       = {true},
  authorscopus    = {true},
  addendum        = {(Scopus, WoS)}
}


%
% ВАК
%%%%%%%%%%%%%%%%%%%%%%%%%%%%%%%

@article{WINET_TCOMM2015,
  title            = {{Методы исследования и проектирования широкополосных беспроводных сетей вдоль протяженных транспортных магистралей}},
  author           = {Вишневский, В.М. and Кришнамурти, А. and Козырев, Д.В. and Ларионов, А.А. and Иванов, Р.Е.},
  address          = {Москва},
  journal          = {T-Comm: Телекоммуникации и транспорт},
  %mendeley-groups = {My Sorted Publications/Wireless Networks},
  number           = {5},
  pages            = {9--15},
  %publisher       = {Медиа ПАБЛИШЕР},
  volume           = {9},
  year             = {2015},
  language         = {russian},
  authorvak        = {true},
  addendum         = {(ВАК)}
}

@article{QS_JPU2013,
  title           = {{Оценка производительности высокоскоростной беспроводной тандемной сети с использованием каналов сантиметрового и миллиметрового диапазона радиоволн в системах управления безопасностью дорожного движения}},
  author          = {Вишневский, В.М. and Ларионов, А.А. and Семёнова, О.В.},
  address         = {Москва},
  journal         = {Проблемы управления},
  mendeley-groups = {My Sorted Publications/Queueing Systems},
  pages           = {50--56},
  publisher       = {ООО <<Сенсидат-Плюс>>},
  volume          = {4},
  year            = {2013},
  language        = {russian},
  addendum        = {(ВАК)},
  authorvak       = {true}
}

@article{QS_JITCS2013,
  title           = {{Новое поколение систем безопасности на автодорогах и их применение в интеллектуальных транспортных системах}},
  author          = {Вишневский, В.М. and Минниханов, Р.Н. and Дудин, А.Н. and Клименок, В.И. and Ларионов, А.А.},
  address         = {Москва},
  journal         = {Информационные технологии и вычислительные системы},
  mendeley-groups = {My Sorted Publications/Queueing Systems},
  pages           = {80--89},
  publisher       = {Издательство ИСА РАН},
  volume          = {4},
  year            = {2013},
  language        = {russian},
  addendum        = {(ВАК)},
  authorvak       = {true}
}

@article{QS_TCOMM2012,
  title           = {{Анализ и исследование методов проектирования автоматизированных систем безопасности на автодорогах с использованием новых широкополосных беспроводных средств и RFID-технологий}},
  author          = {Вишневский, В.М. and Ларионов, А.А. and Целикин, Ю.В.},
  address         = {Москва},
  journal         = {T-Comm: Телекоммуникации и транспорт},
  mendeley-groups = {My Sorted Publications/Queueing Systems},
  pages           = {48--54},
  publisher       = {Медиа ПАБЛИШЕР},
  volume          = {7},
  year            = {2012},
  language        = {russian},
  addendum        = {(ВАК)},
  authorvak       = {true}
}


%
% Scopus and WoS
%%%%%%%%%%%%%%%%%%%%%%%%%%%%%%%

@article{QS_ICAAPSP2020,
  title           = {{Stochastic Multiphase Models and Their Application for Analysis of End-to-End Delays in Wireless Multihop Networks}},
  author          = {Vishnevsky, Vladimir and Larionov, Andrey},
  doi             = {10.1007/978-981-15-5951-8_27},
  journal         = {Applied Probability and Stochastic Processes. Infosys Science Foundation Series},
  mendeley-groups = {My Sorted Publications/Queueing Systems},
  pages           = {457--471},
  publisher       = {Springer, Singapore},
  year            = {2020},
  language        = {english},
  addendum        = {(Scopus)},
  authorscopus    = {true}
}

@article{QS_ITMM2019,
  title           = {{A Multiphase Queueing Model for Performance Analysis of a Multi-hop IEEE 802.11 Wireless Network with DCF Channel Access}},
  author          = {Larionov, Andrey and Vishnevsky, Vladimir and Semenova, Olga and Dudin, Alexander},
  doi             = {10.1007/978-3-030-33388-1_14},
  journal         = {Information Technologies and Mathematical Modelling. Queueing Theory and Applications. ITMM 2019. Communications in Computer and Information Science},
  mendeley-groups = {My Sorted Publications/Queueing Systems},
  pages           = {162--176},
  publisher       = {Springer, Cham},
  volume          = {1109},
  year            = {2019},
  language        = {english},
  addendum        = {(Scopus)},
  authorscopus    = {true}
}

@inproceedings{RFID_IEEERFID2018,
  title           = {{A stochastic model for the analysis of session and power switching effects on the performance of UHF RFID system with mobile tags}},
  author          = {Larionov, Andrey and Ivanov, Roman and Vishnevsky, Vladimir},
  address         = {Orlando},
  booktitle       = {2018 IEEE International Conference on RFID (RFID)},
  doi             = {10.1109/RFID.2018.8376204},
  isbn            = {978-1-5386-1456-3},
  mendeley-groups = {My Sorted Publications/RFID Performance},
  pages           = {1--8},
  publisher       = {IEEE},
  year            = {2018},
  language        = {english},
  authorwos       = {true},
  authorscopus    = {true},
  addendum        = {(Scopus, WoS)}
}

@inproceedings{RFID_SYNCHROINFO2018,
  title           = {{ANALYSIS AND MODELING OF THE PROTOCOL OF RADIO FREQUENCY IDENTIFICATION OF VEHICLES ON ROAD STATIONS}},
  author          = {Lavrukhin, I. R. and Larionov, A. A. and Yelizarov, Andrey Albertovich},
  booktitle       = {2018 Systems of Signal Synchronization, Generating and Processing in Telecommunications (SYNCHROINFO)},
  doi             = {10.1109/SYNCHROINFO.2018.8456936},
  isbn            = {978-1-5386-6474-2},
  mendeley-groups = {RFID,My Sorted Publications/RFID Performance},
  month           = {7},
  pages           = {1--5},
  publisher       = {IEEE},
  year            = {2018},
  language        = {english},
  authorscopus    = {true},
  addendum        = {(Scopus)}
}

@inproceedings{RFID_IEEERFID2017,
  title           = {{Applying UHF RFID for Vehicle Identification: Protocol and propagation simulation}},
  author          = {Vishnevsky, Vladimir and Larionov, Andrey and Roman, Ivanov},
  address         = {Phoenix, AZ},
  booktitle       = {2017 IEEE International Conference on RFID (RFID)},
  doi             = {10.1109/RFID.2017.7945590},
  isbn            = {978-1-5090-4576-1},
  mendeley-groups = {My Sorted Publications/RFID Performance},
  month           = {5},
  pages           = {73--80},
  publisher       = {IEEE},
  year            = {2017},
  language        = {english},
  authorwos       = {true},
  authorscopus    = {true},
  addendum        = {(Scopus, WoS)}
}

@inproceedings{QS_AICT2017,
  title           = {{Estimation of IEEE 802.11 DCF access performance in wireless networks with linear topology using PH service time approximations and MAP input}},
  author          = {Larionov, Andrey A. and Vishnevsky, Vladimir M. and Ivanov, Roman E. and Semenova, Olga V.},
  address         = {Moscow},
  booktitle       = {Proceedings of the 11th IEEE International Conference on Application of Information and Communication Technologies (AICT2017, Moscow)},
  mendeley-groups = {My Sorted Publications,My Sorted Publications/Queueing Systems},
  pages           = {85--89},
  publisher       = {IEEE},
  volume          = {2},
  year            = {2017},
  language        = {english},
  authorwos       = {true},
  authorscopus    = {true},
  addendum        = {(Scopus, WoS)}
}

@inproceedings{QS_ITMM2017,
  title           = {{State Reduction in Analysis of a Tandem Queueing System with Correlated Arrivals}},
  author          = {Vishnevsky, Vladimir and Larionov, Andrey and Semenova, Olga and Ivanov, Roman},
  booktitle       = {Communications in Computer and Information Science},
  doi             = {10.1007/978-3-319-68069-9_18},
  isbn            = {9783319680682},
  issn            = {18650929},
  mendeley-groups = {My Sorted Publications/Queueing Systems},
  pages           = {215--230},
  publisher       = {Springer},
  volume          = {800},
  year            = {2017},
  language        = {english},
  addendum        = {(Scopus)},
  authorscopus    = {true}
}

@inproceedings{QS_ITMM2016,
  title           = {{An open queueing network with a correlated input arrival process for broadband wireless network performance evaluation}},
  author          = {Vishnevski, Vladimir and Larionov, Andrey and Ivanov, Roman},
  booktitle       = {Communications in Computer and Information Science},
  doi             = {10.1007/978-3-319-44615-8_31},
  isbn            = {9783319446141},
  issn            = {18650929},
  mendeley-groups = {My Sorted Publications/Queueing Systems},
  pages           = {354--365},
  publisher       = {Springer},
  volume          = {638},
  year            = {2016},
  language        = {english},
  addendum        = {(Scopus)},
  authorscopus    = {true}
}

@inproceedings{QS_DCCN2016_CCIS,
  title           = {{Methods of performance evaluation of broadband wireless networks along the long transport routes}},
  author          = {Vishnevsky, Vladimir and Dudin, Alexander and Kozyrev, Dmitry and Larionov, Andrey},
  booktitle       = {Communications in Computer and Information Science},
  doi             = {10.1007/978-3-319-30843-2_8},
  issn            = {18650929},
  mendeley-groups = {My Sorted Publications/Queueing Systems},
  pages           = {72--85},
  publisher       = {Springer},
  volume          = {601},
  year            = {2016},
  language        = {english},
  addendum        = {(Scopus, WoS)},
  authorwos       = {true},
  authorscopus    = {true}
}

@inproceedings{RFID_DCCN2016_CCIS,
  title           = {{Analysis and Simulation of UHF RFID Vehicle Identification System}},
  author          = {Vishnevskiy, Vladimir and Larionov, Andrey and Ivanov, Roman},
  booktitle       = {Communications in Computer and Information Science},
  doi             = {10.1007/978-3-319-51917-3_4},
  isbn            = {9783319519166},
  issn            = {18650929},
  mendeley-groups = {My Sorted Publications/RFID Performance},
  pages           = {35--46},
  publisher       = {Springer},
  volume          = {678},
  year            = {2016},
  language        = {english},
  authorwos       = {true},
  authorscopus    = {true},
  addendum        = {(Scopus, WoS)}
}

@inproceedings{RFIDCTRL_NETS2CARS2014,
  title           = {{Architecture of application platform for RFID-enabled traffic law enforcement system}},
  author          = {Vishnevsky, Vladimir M. and Larionov, Andrey and Ivanov, Roman},
  booktitle       = {2014 7th International Workshop on Communication Technologies for Vehicles, Nets4Cars-Fall 2014},
  doi             = {10.1109/Nets4CarsFall.2014.7000911},
  isbn            = {9781479952700},
  mendeley-groups = {My Sorted Publications/RFID Implementation},
  pages           = {45--49},
  publisher       = {IEEE},
  year            = {2014},
  language        = {english},
  authorwos       = {true},
  authorscopus    = {true},
  addendum        = {(Scopus, WoS)}
}

@inproceedings{RFIDTA2012,
  title           = {{Design concepts of an application platform for traffic law enforcement and vehicles registration comprising RFID technology}},
  author          = {Vishnevsky, Vladimir M. and Larionov, Andrey},
  booktitle       = {2012 IEEE International Conference on RFID-Technologies and Applications, RFID-TA 2012},
  doi             = {10.1109/RFID-TA.2012.6404501},
  isbn            = {9781467346566},
  mendeley-groups = {My Sorted Publications/RFID Implementation},
  pages           = {148--153},
  publisher       = {IEEE},
  year            = {2012},
  language        = {english},
  authorwos       = {true},
  authorscopus    = {true},
  addendum        = {(Scopus, WoS)}
}


%
% Russian Conferences
%%%%%%%%%%%%%%%%%%%%%%%%%%%%%%%

@inproceedings{Fedotov2020,
  title           = {{Об оценке вероятности радиочастотной идентификации подвижных меток в канале с фиксированной битовой ошибкой}},
  address         = {Москва},
  author          = {Федотов, И. А. and Ларионов, А.А.},
  booktitle       = {Сборник тезисов 10-й Всероссийской конференции с международным участием Information and Telecommunication Technologies and Mathematical Modeling of High-Tech Systems (ITTMM 2020)},
  mendeley-groups = {My Sorted Publications/RFID Performance},
  pages           = {38--38},
  publisher       = {РУДН},
  year            = {2020},
  language        = {russian},
  authorconf      = {true}
}

@inproceedings{Fedotov2020a,
  title           = {{Расчет вероятности идентификации подвижных RFID-меток в канале с постоянной битовой ошибкой}},
  address         = {Москва},
  author          = {Федотов, И. А. and Ларионов, А.А. and Вишневский, В.М. and Михайлов, Е.А.},
  booktitle       = {Материалы Международного молодежного научного форума «ЛОМОНОСОВ-2020»},
  editor          = {Алешковский, И.А. and Андриянов, А.В. and Антипов, Е.А.},
  mendeley-groups = {My Sorted Publications/RFID Performance},
  publisher       = {МАКС Пресс},
  year            = {2020},
  language        = {russian},
  authorconf      = {true}
}

@inproceedings{RFID_VSPU2019,
  title           = {{О математической модели системы радиочастотной идентификации мобильных объектов, оснащенных RFID-метками}},
  author          = {Ларионов, А.А.},
  address         = {Москва},
  booktitle       = {Труды 13-го Всероссийского совещания по проблемам управления (ВСПУ XIII, Москва, 2019)},
  mendeley-groups = {My Sorted Publications/RFID Performance},
  pages           = {2953--2957},
  publisher       = {ИПУ РАН},
  year            = {2019},
  language        = {russian},
  authorconf      = {true}
}

@inproceedings{WINET_DCCN2018,
  title           = {{Экспериментальное исследование производительности многошаговой беспроводной системы передачи данных от RFID-считывателей в центр управления}},
  author          = {Ларионов, А.А. and Фролов, С.А.},
  address         = {Москва},
  booktitle       = {Материалы 21-й Международной научной конференции "Распределенные компьютерные и телекоммуникационные сети: управление, вычисление, связь" (DCCN-2018, Москва)},
  isbn            = {978-5-209-09082-3},
  mendeley-groups = {My Sorted Publications/Wireless Networks},
  pages           = {451--459},
  publisher       = {РУДН},
  year            = {2018},
  language        = {russian},
  authorconf      = {true}
}

@inproceedings{RFIDCTRL_DCCN2017,
  title           = {{Опыт реализации системы безопасности на автодорогах с использованием радиочастотной идентификации UHF-диапазона}},
  author          = {Вишневский, В.М. and Ларионов, А.А. and Целикин, Ю.В. and Иванов, Р.Е. and Козырев, Д.В.},
  address         = {Москва},
  booktitle       = {Proceedings of the 20th International Conference, Distributed Computer and Communication Networks (DCCN 2017, Moscow, Russia)},
  mendeley-groups = {My Sorted Publications/RFID Implementation},
  pages           = {152--163},
  publisher       = {Техносфера},
  year            = {2017},
  language        = {russian},
  authorconf      = {true}
}

@inproceedings{RFID_DCCN2015_RUS,
  title           = {{Архитектура имитационной модели системы радиочастотной идентификации мобильных объектов}},
  author          = {Ларионов, А.А. and Иванов, Р.Е.},
  address         = {Москва},
  booktitle       = {Труды 18-й Международной научной конференции <<Распределенные компьютерные и телекоммуникационные сети: управление, вычисление, связь>> (DCCN-2015, Москва)},
  mendeley-groups = {My Sorted Publications/RFID Performance},
  pages           = {540--550},
  publisher       = {ИПУ РАН},
  year            = {2015},
  language        = {russian},
  authorconf      = {true}
}

@inproceedings{QS_DCCN2015,
  title           = {{Оценка производительности широкополосных беспроводных сетей вдоль протяженных транспортных магистралей}},
  author          = {Вишневский, В.М. and Дудин, А.Н. and Козырев, Д.В. and Ларионов, А.А.},
  address         = {Москва},
  booktitle       = {Материалы 18-й Международной научной конференции "Распределенные компьютерные и телекоммуникационные сети: управление, вычисление, связь" (DCCN-2015, Москва)},
  mendeley-groups = {My Sorted Publications/Queueing Systems},
  pages           = {241--256},
  publisher       = {ИПУ РАН},
  year            = {2015},
  language        = {russian},
  authorconf      = {true}
}

@inproceedings{QS_ITTMM2015,
  title           = {{Исследование выходного потока многофазной системы массового обслуживания с входящим MAP-потоком и кросс-трафиком}},
  author          = {Вишневский, В.М. and Ларионов, А.А.},
  address         = {Москва},
  booktitle       = {Труды Всероссийской конференции с международным участием «Информационно-телеком­муникационные технологии и математическое моделирование высокотехнологич­ных систем» (Москва, 2015)},
  mendeley-groups = {My Sorted Publications/Queueing Systems},
  pages           = {82--84},
  publisher       = {РУДН},
  year            = {2015},
  language        = {russian},
  authorconf      = {true}
}

@inproceedings{RFIDCTRL_VSPU2014,
  title           = {{Архитектура модуля радиочастотной идентификации в системе безопасности дорожного движения}},
  author          = {Ларионов, А.А. and Целикин, Ю.В.},
  address         = {Москва},
  booktitle       = {Материалы XII всероссийского совещания по проблемам управления ВСПУ-2014},
  mendeley-groups = {My Sorted Publications/RFID Implementation},
  pages           = {8707----8716},
  publisher       = {ИПУ РАН},
  year            = {2014},
  language        = {russian},
  authorconf      = {true}
}

@inproceedings{RFID_DCCN2013_RUS,
  title           = {{Методы решения проблемы сопоставления номерных знаков в системах видеофиксации нарушений с использованием RFID-технологий}},
  author          = {Ларионов, А.А. and Иванов, Р.Е.},
  address         = {Москва},
  booktitle       = {Proccedings of the 17-th International Conference «Distributed Computer and Communication Networks: Control, Computation, Communications» (DCCN-2013, Moscow)},
  mendeley-groups = {My Sorted Publications/RFID Performance},
  pages           = {310--317},
  publisher       = {Техносфера},
  year            = {2013},
  language        = {russian},
  authorconf      = {true}
}
