%
% Russian Conferences
%%%%%%%%%%%%%%%%%%%%%%%%%%%%%%%

@inproceedings{Fedotov2020,
  title           = {{Об оценке вероятности радиочастотной идентификации подвижных меток в канале с фиксированной битовой ошибкой}},
  address         = {Москва},
  author          = {Федотов, И. А. and Ларионов, А.А.},
  booktitle       = {Сборник тезисов 10-й Всероссийской конференции с международным участием Information and Telecommunication Technologies and Mathematical Modeling of High-Tech Systems (ITTMM 2020)},
  pages           = {38--38},
  publisher       = {РУДН},
  year            = {2020},
  language        = {russian},
  authorconf      = {true}
}

@inproceedings{Fedotov2020a,
  title           = {{Расчет вероятности идентификации подвижных RFID-меток в канале с постоянной битовой ошибкой}},
  address         = {Москва},
  author          = {Федотов, И. А. and Ларионов, А.А. and Вишневский, В.М. and Михайлов, Е.А.},
  booktitle       = {Материалы Международного молодежного научного форума «ЛОМОНОСОВ-2020»},
  editor          = {Алешковский, И.А. and Андриянов, А.В. and Антипов, Е.А.},
  publisher       = {МАКС Пресс},
  year            = {2020},
  language        = {russian},
  authorconf      = {true}
}

@inproceedings{RFID_VSPU2019,
  title           = {{О математической модели системы радиочастотной идентификации мобильных объектов, оснащенных RFID-метками}},
  author          = {Ларионов, А.А.},
  address         = {Москва},
  booktitle       = {Труды 13-го Всероссийского совещания по проблемам управления (ВСПУ XIII, Москва, 2019)},
  pages           = {2953--2957},
  publisher       = {ИПУ РАН},
  year            = {2019},
  language        = {russian},
  authorconf      = {true}
}

@inproceedings{WINET_DCCN2018,
  title           = {{Экспериментальное исследование производительности многошаговой беспроводной системы передачи данных от RFID-считывателей в центр управления}},
  author          = {Ларионов, А.А. and Фролов, С.А.},
  address         = {Москва},
  booktitle       = {Материалы 21-й Международной научной конференции "Распределенные компьютерные и телекоммуникационные сети: управление, вычисление, связь" (DCCN-2018, Москва)},
  isbn            = {978-5-209-09082-3},
  pages           = {451--459},
  publisher       = {РУДН},
  year            = {2018},
  language        = {russian},
  authorconf      = {true}
}

@inproceedings{RFIDCTRL_DCCN2017,
  title           = {{Опыт реализации системы безопасности на автодорогах с использованием радиочастотной идентификации UHF-диапазона}},
  author          = {Вишневский, В.М. and Ларионов, А.А. and Целикин, Ю.В. and Иванов, Р.Е. and Козырев, Д.В.},
  address         = {Москва},
  booktitle       = {Proceedings of the 20th International Conference, Distributed Computer and Communication Networks (DCCN 2017, Moscow, Russia)},
  pages           = {152--163},
  publisher       = {Техносфера},
  year            = {2017},
  language        = {russian},
  authorconf      = {true}
}

@inproceedings{RFID_DCCN2015_RUS,
  title           = {{Архитектура имитационной модели системы радиочастотной идентификации мобильных объектов}},
  author          = {Ларионов, А.А. and Иванов, Р.Е.},
  address         = {Москва},
  booktitle       = {Труды 18-й Международной научной конференции <<Распределенные компьютерные и телекоммуникационные сети: управление, вычисление, связь>> (DCCN-2015, Москва)},
  pages           = {540--550},
  publisher       = {ИПУ РАН},
  year            = {2015},
  language        = {russian},
  authorconf      = {true}
}

@inproceedings{QS_DCCN2015,
  title           = {{Оценка производительности широкополосных беспроводных сетей вдоль протяженных транспортных магистралей}},
  author          = {Вишневский, В.М. and Дудин, А.Н. and Козырев, Д.В. and Ларионов, А.А.},
  address         = {Москва},
  booktitle       = {Материалы 18-й Международной научной конференции "Распределенные компьютерные и телекоммуникационные сети: управление, вычисление, связь" (DCCN-2015, Москва)},
  pages           = {241--256},
  publisher       = {ИПУ РАН},
  year            = {2015},
  language        = {russian},
  authorconf      = {true}
}

@inproceedings{QS_ITTMM2015,
  title           = {{Исследование выходного потока многофазной системы массового обслуживания с входящим MAP-потоком и кросс-трафиком}},
  author          = {Вишневский, В.М. and Ларионов, А.А.},
  address         = {Москва},
  booktitle       = {Труды Всероссийской конференции с международным участием «Информационно-телеком­муникационные технологии и математическое моделирование высокотехнологич­ных систем» (Москва, 2015)},
  pages           = {82--84},
  publisher       = {РУДН},
  year            = {2015},
  language        = {russian},
  authorconf      = {true}
}

@inproceedings{RFIDCTRL_VSPU2014,
  title           = {{Архитектура модуля радиочастотной идентификации в системе безопасности дорожного движения}},
  author          = {Ларионов, А.А. and Целикин, Ю.В.},
  address         = {Москва},
  booktitle       = {Материалы XII всероссийского совещания по проблемам управления ВСПУ-2014},
  pages           = {8707----8716},
  publisher       = {ИПУ РАН},
  year            = {2014},
  language        = {russian},
  authorconf      = {true}
}

@inproceedings{RFID_DCCN2013_RUS,
  title           = {{Методы решения проблемы сопоставления номерных знаков в системах видеофиксации нарушений с использованием RFID-технологий}},
  author          = {Ларионов, А.А. and Иванов, Р.Е.},
  address         = {Москва},
  booktitle       = {Proccedings of the 17-th International Conference «Distributed Computer and Communication Networks: Control, Computation, Communications» (DCCN-2013, Moscow)},
  pages           = {310--317},
  publisher       = {Техносфера},
  year            = {2013},
  language        = {russian},
  authorconf      = {true}
}
