%%%%%%%%%%%%%%%%%%%%%%%%%%%%%%%%%%%%%%%%%%%%%%%%
% STANDARDS
%%%%%%%%%%%%%%%%%%%%%%%%%%%%%%%%%%%%%%%%%%%%%%%%
@book{StdGen2,
  title     = {{EPC™ Radio-Frequency Identity Protocols Generation-2 UHF RFID Standard. Specification for RFID Air Interface Protocol for Communications at 860 MHz -- 960 MHz. Release 2.1}},
  publisher = {EPCGlobal},
  pages     = {157},
  year      = {2018},
  language  = {english}
}

@book{StdLlrp,
  title     = {Low Level Reader Protocol (LLRP). Version 1.1 Ratified Standard},
  publisher = {EPCGlobal},
  pages     = {198},
  year      = {2010},
  language  = {english}
}

@book{StdDci,
  title     = {Discovery, Configuration, and Initialization (DCI) for Reader Operations. Version 1.0 Ratified Standard},
  publisher = {EPCGlobal},
  pages     = {1--26},
  year      = {2009},
  language  = {english}
}

@book{StdRm,
  title     = {Reader Management 1.0.1},
  publisher = {EPCGlobal},
  pages     = {242},
  year      = {2007},
  language  = {english}
}

@book{StdAle1,
  title     = {The Application Level Events (ALE) Specification, Version 1.1.1. Part I: Core Specification},
  publisher = {EPCGlobal},
  pages     = {229},
  year      = {2009},
  language  = {english}
}

@book{StdAle2,
  title     = {The Application Level Events (ALE) Specification, Version 1.1.1. Part II: XML and SOAP Bindings},
  publisher = {EPCGlobal},
  pages     = {119},
  year      = {2009},
  language  = {english}
}

@book{StdRainRci,
  title     = {RAIN Reader Communication Interface Guideline. V.4.0},
  publisher = {{RAIN RFID Alliance}},
  year      = {2020},
  pages     = {82},
  language  = {english}
}

@book{StdRainEviWhitepaper,
  title     = {Electronic Vehicle Identification (EVI). White Paper. V.1},
  publisher = {{RAIN RFID Alliance}},
  year      = {2018},
  pages     = {10},
  language  = {english}
}

@book{GostRfid,
  title     = {ГОСТ Р 58701-2019 (ИСО/МЭК 18000-63:2015) Информационные технологии. Идентификация радиочастотная для управления предметами. Часть 63. Параметры радиоинтерфейса для диапазона частот 860 -- 960 МГц (Тип С)},
  address   = {М.},
  publisher = {Стандартинформ},
  year      = {2019},
  numpages  = {557},
  language  = {russian}
}



%%%%%%%%%%%%%%%%%%%%%%%%%%%%%%%%%%%%%%%%%%%%%%%%
% RFID Performance
%%%%%%%%%%%%%%%%%%%%%%%%%%%%%%%%%%%%%%%%%%%%%%%%
@article{Dimitriou2014,
  title    = {{A Site-Specific Stochastic Propagation Model for Passive UHF RFID}},
  author   = {Dimitriou, Antonis G. and Siachalou, Stavroula and Bletsas, Aggelos and Sahalos, John N.},
  doi      = {10.1109/LAWP.2014.2313350},
  issn     = {1536-1225},
  journal  = {IEEE Antennas and Wireless Propagation Letters},
  pages    = {623--626},
  volume   = {13},
  year     = {2014},
  language = {english}
}
@inproceedings{Buettner2008,
  title     = {{An empirical study of UHF RFID performance}},
  author    = {Buettner, Michael and Wetherall, David},
  address   = {New York, New York, USA},
  booktitle = {Proceedings of the 14th ACM international conference on Mobile computing and networking - MobiCom '08},
  doi       = {10.1145/1409944.1409970},
  isbn      = {9781605580968},
  pages     = {223},
  publisher = {ACM Press},
  year      = {2008},
  language  = {english}
}
@inproceedings{Tseng2007,
  title     = {{An UHF Band RFID Vehicle Management System}},
  author    = {Tseng, Jan-Dong and Wang, Wen-De and Ko, Rong-Jie},
  booktitle = {2007 International Workshop on Anti-Counterfeiting, Security and Identification (ASID)},
  doi       = {10.1109/IWASID.2007.373662},
  isbn      = {1-4244-1035-5},
  month     = {apr},
  pages     = {390--393},
  publisher = {IEEE},
  year      = {2007},
  language  = {english}
}
@book{Balanis2016,
  title     = {{Antenna Theory: Analysis and Design}},
  author    = {Balanis, Constantine A.},
  edition   = {4th},
  isbn      = {978-1-118-64206-1},
  pages     = {1104},
  publisher = {Wiley},
  year      = {2016},
  language  = {english}
}
@inproceedings{Nikitin2008,
  title     = {{Antennas and Propagation in UHF RFID Systems}},
  author    = {Nikitin, Pavel V. and Rao, K. V. S.},
  booktitle = {2008 IEEE International Conference on RFID},
  doi       = {10.1109/RFID.2008.4519368},
  isbn      = {978-1-4244-1711-7},
  month     = {apr},
  pages     = {277--288},
  publisher = {IEEE},
  year      = {2008},
  language  = {english}
}
@article{Griffin2009,
  title    = {{Complete Link Budgets for Backscatter-Radio and RFID Systems}},
  author   = {Griffin, J.D. and Durgin, G.D.},
  doi      = {10.1109/MAP.2009.5162013},
  issn     = {1045-9243},
  journal  = {IEEE Antennas and Propagation Magazine},
  month    = {apr},
  number   = {2},
  pages    = {11--25},
  volume   = {51},
  year     = {2009},
  language = {english}
}
@inproceedings{Zhang2010,
  title     = {{COSMO: CO-Simulation with MATLAB and OMNeT++ for Indoor Wireless Networks}},
  author    = {Zhang, Zhi and Lu, Zhonghai and Chen, Qiang and Yan, Xiaolang and Zheng, Li-Rong},
  booktitle = {2010 IEEE Global Telecommunications Conference GLOBECOM 2010},
  doi       = {10.1109/GLOCOM.2010.5683583},
  isbn      = {978-1-4244-5636-9},
  month     = {dec},
  pages     = {1--6},
  publisher = {IEEE},
  year      = {2010},
  language  = {english}
}
@article{Lazaro2009,
  title    = {{EFFECTS OF INTERFERENCES IN UHF RFID SYSTEMS}},
  author   = {Lazaro, Antonio and Girbau, David and Villarino, Ramon},
  doi      = {10.2528/PIER09101703},
  issn     = {1559-8985},
  journal  = {Progress In Electromagnetics Research},
  pages    = {425--443},
  volume   = {98},
  year     = {2009},
  language = {english}
}
@incollection{Matz2011,
  title     = {{Fundamentals of Time-Varying Communication Channels}},
  author    = {Matz, Gerald and Hlawatsch, Franz},
  booktitle = {Wireless Communications Over Rapidly Time-Varying Channels},
  doi       = {10.1016/B978-0-12-374483-8.00001-7},
  pages     = {1--63},
  publisher = {Elsevier},
  year      = {2011},
  language  = {english}
}
@article{Yoon2008,
  title    = {{Implementation and performance evaluation of an active RFID system for fast tag collection}},
  author   = {Yoon, Won-Ju and Chung, Sang-Hwa and Lee, Seong-Joon},
  doi      = {10.1016/j.comcom.2008.08.023},
  issn     = {01403664},
  journal  = {Computer Communications},
  month    = {nov},
  number   = {17},
  pages    = {4107--4116},
  volume   = {31},
  year     = {2008},
  language = {english}
}
@article{Azpilicueta2016,
  title    = {{Intelligent Vehicle Communication: Deterministic Propagation Prediction in Transportation Systems}},
  author   = {Azpilicueta, Leyre and Vargas-Rosales, Cesar and Falcone, Francisco},
  doi      = {10.1109/MVT.2016.2549995},
  issn     = {1556-6072},
  journal  = {IEEE Vehicular Technology Magazine},
  month    = {sep},
  number   = {3},
  pages    = {29--37},
  volume   = {11},
  year     = {2016},
  language = {english}
}
@incollection{Gonzalez2013,
  title     = {{Passive UHF RFID Technology Applied to Automatic Vehicle Identification}},
  author    = {Gonz{\'{a}}lez, Salvador Ricardo Meneses and {Linares y Miranda}, Roberto},
  booktitle = {Advanced RFID Systems, Security, and Applications},
  chapter   = {Chapter 9.},
  doi       = {10.4018/978-1-4666-2080-3.ch009},
  pages     = {188--220},
  publisher = {IGI Global},
  year      = {2013},
  language  = {english}
}
@inproceedings{Khan2011,
  title     = {{Radio Frequency Identification (RFID) Based Toll Collection System}},
  author    = {Khan, Atif Ali and Yakzan, Adnan I. Elberjaoui and Ali, Maaruf},
  booktitle = {2011 Third International Conference on Computational Intelligence, Communication Systems and Networks},
  doi       = {10.1109/CICSyN.2011.33},
  isbn      = {978-1-4577-0975-3},
  month     = {jul},
  pages     = {103--107},
  publisher = {IEEE},
  year      = {2011},
  language  = {english}
}
@inproceedings{Blythe1999,
  title     = {{RFID for road tolling, road-use pricing and vehicle access control}},
  author    = {Blythe, P.},
  booktitle = {IEE Colloquium. RFID Technology},
  doi       = {10.1049/ic:19990681},
  pages     = {8--16},
  publisher = {IEEE},
  volume    = {1999},
  year      = {1999},
  language  = {english}
}
@article{Floerkemeier2009,
  title    = {{RFIDSim—A Physical and Logical Layer Simulation Engine for Passive RFID}},
  author   = {Floerkemeier, C. and Sarma, S.},
  doi      = {10.1109/TASE.2008.2007929},
  issn     = {1545-5955},
  journal  = {IEEE Transactions on Automation Science and Engineering},
  month    = {jan},
  number   = {1},
  pages    = {33--43},
  volume   = {6},
  year     = {2009},
  language = {english}
}
@article{Landt2005,
  title    = {{The history of RFID}},
  author   = {Landt, J.},
  doi      = {10.1109/MP.2005.1549751},
  issn     = {0278-6648},
  journal  = {IEEE Potentials},
  month    = {oct},
  number   = {4},
  pages    = {8--11},
  volume   = {24},
  year     = {2005},
  language = {english}
}
@inproceedings{Al-Naima2011,
  title     = {{Vehicle Location System Based on RFID}},
  author    = {Al-Naima, Fawzi M. and Al-Any, Hassan},
  booktitle = {2011 Developments in E-systems Engineering},
  doi       = {10.1109/DeSE.2011.11},
  isbn      = {978-1-4577-2186-1},
  month     = {dec},
  pages     = {473--478},
  publisher = {IEEE},
  year      = {2011},
  language  = {english}
}
@inproceedings{Arnitz2009,
  title     = {{Wideband system-level simulator for passive UHF RFID}},
  author    = {Arnitz, D. and Muehlmann, U. and Gigl, T. and Witrisal, K.},
  booktitle = {2009 IEEE International Conference on RFID},
  doi       = {10.1109/RFID.2009.4911189},
  isbn      = {978-1-4244-3337-7},
  month     = {apr},
  pages     = {28--33},
  publisher = {IEEE},
  year      = {2009},
  language  = {english}
}
@inproceedings{Unterhuber2019,
  title     = {{Optimal Tilt Angle of Reader Antennas for Truck Tolling Based on UHF RFID}},
  author    = {Unterhuber, Alexander R. and Iliev, Stoyan and Biebl, Erwin},
  booktitle = {2019 4th International Conference on Smart and Sustainable Technologies (SpliTech)},
  doi       = {10.23919/SpliTech.2019.8783014},
  isbn      = {978-953-290-091-0},
  month     = {jun},
  pages     = {1--6},
  publisher = {IEEE},
  year      = {2019},
  language  = {english}
}
@article{Unterhuber2020,
  title    = {{Estimation Method for High-Speed Vehicle Identification With UHF RFID Systems}},
  author   = {Unterhuber, Alexander R. and Iliev, Stoyan and Biebl, Erwin M.},
  doi      = {10.1109/JRFID.2020.2989900},
  issn     = {2469-7281},
  journal  = {IEEE Journal of Radio Frequency Identification},
  month    = {dec},
  number   = {4},
  pages    = {343--352},
  volume   = {4},
  year     = {2020},
  language = {english}
}
@inproceedings{Unterhuber2019,
  title     = {{Influence of the Vehicle Velocity on the Number of Reads in UHF RFID Scenarios}},
  author    = {Unterhuber, Alexander R. and Iliev, Stoyan and Biebl, Erwin},
  booktitle = {2019 IEEE International Conference on RFID Technology and Applications (RFID-TA)},
  doi       = {10.1109/RFID-TA.2019.8892151},
  isbn      = {978-1-7281-0589-5},
  month     = {sep},
  pages     = {421--426},
  publisher = {IEEE},
  year      = {2019},
  language  = {english}
}
@inproceedings{Kostrominov2020,
  title     = {{RFID-Based Navigation of Subway Trains}},
  author    = {Kostrominov, Alexander M. and Tyulyandin, Oleg N. and Nikitin, Alexander B. and Vasilenko, Michael N. and Osminin, Alexander T.},
  booktitle = {2020 IEEE East-West Design {\&} Test Symposium (EWDTS)},
  doi       = {10.1109/EWDTS50664.2020.9225125},
  isbn      = {978-1-7281-9899-6},
  month     = {sep},
  pages     = {1--6},
  publisher = {IEEE},
  year      = {2020},
  language  = {english}
}
@article{GarciaOya2018,
  title    = {{Passive RFID-Based Inventory of Traffic Signs on Roads and Urban Environments}},
  author   = {{Garc{\'{i}}a Oya}, Jos{\'{e}} and {Mart{\'{i}}n Clemente}, Rub{\'{e}}n and {Hidalgo Fort}, Eduardo and {Gonz{\'{a}}lez Carvajal}, Ram{\'{o}}n and {Mu{\~{n}}oz Chavero}, Fernando},
  doi      = {10.3390/s18072385},
  issn     = {1424-8220},
  journal  = {Sensors},
  month    = {jul},
  number   = {7},
  pages    = {2385},
  volume   = {18},
  year     = {2018},
  language = {english}
}
@article{Pawowicz2020,
  title    = {{Dynamic RFID Identification in Urban Traffic Management Systems}},
  author   = {Paw{\l}owicz, Bartosz and Trybus, Bartosz and Salach, Mateusz and Jankowski-Mihu{\l}owicz, Piotr},
  doi      = {10.3390/s20154225},
  issn     = {1424-8220},
  journal  = {Sensors},
  month    = {jul},
  number   = {15},
  pages    = {4225},
  volume   = {20},
  year     = {2020},
  language = {english}
}
@article{Perez2010,
  title    = {{An RFID-Based Intelligent Vehicle Speed Controller Using Active Traffic Signals}},
  author   = {P{\'{e}}rez, Joshu{\'{e}} and Seco, Fernando and Milan{\'{e}}s, Vicente and Jim{\'{e}}nez, Antonio and D{\'{i}}az, Julio C. and {De Pedro}, Teresa},
  doi      = {10.3390/s100605872},
  issn     = {1424-8220},
  journal  = {Sensors},
  month    = {jun},
  number   = {6},
  pages    = {5872--5887},
  volume   = {10},
  year     = {2010},
  language = {english}
}
@inproceedings{Hidalgo2013,
  title     = {{Wireless inventory of traffic signs based on passive RFID technology}},
  author    = {Hidalgo, E. and Munoz, F. and {Guerrero de Mier}, A. and Carvajal, R.G. and Martin-Clemente, Ruben},
  booktitle = {IECON 2013 - 39th Annual Conference of the IEEE Industrial Electronics Society},
  doi       = {10.1109/IECON.2013.6700026},
  isbn      = {978-1-4799-0224-8},
  month     = {nov},
  pages     = {5467--5471},
  publisher = {IEEE},
  year      = {2013},
  language  = {english}
}
@book{Dobkin2008,
  title     = {{Wireless inventory of traffic signs based on passive RFID technology}},
  author    = {Dobkin, Daniel M.},
  doi       = {10.1016/B978-0-7506-8209-1.X5001-3},
  isbn      = {9780750682091},
  pages     = {504},
  publisher = {Elsevier},
  title     = {{The RF in RFID}},
  year      = {2008},
  language  = {english}
}
@book{Finkenzeller2010,
  title     = {{RFID Handbook}},
  address   = {Chichester, UK},
  author    = {Finkenzeller, Klaus},
  doi       = {10.1002/9780470665121},
  isbn      = {9780470665121},
  month     = {jun},
  publisher = {John Wiley {\&} Sons, Ltd},
  year      = {2010},
  language  = {english}
}
@article{Rao2005,
  title    = {{Antenna design for UHF RFID tags: a review and a practical application}},
  author   = {Rao, K.V.S. and Nikitin, P.V. and Lam, S.F.},
  doi      = {10.1109/TAP.2005.859919},
  issn     = {0018-926X},
  journal  = {IEEE Transactions on Antennas and Propagation},
  month    = {dec},
  number   = {12},
  pages    = {3870--3876},
  volume   = {53},
  year     = {2005},
  language = {english}
}
@inproceedings{Nikitin2009,
  title     = {{Effect of Gen2 protocol parameters on RFID tag performance}},
  author    = {Nikitin, P.V. and Rao, K.},
  booktitle = {2009 IEEE International Conference on RFID},
  doi       = {10.1109/RFID.2009.4911178},
  isbn      = {978-1-4244-3337-7},
  month     = {apr},
  pages     = {117--122},
  publisher = {IEEE},
  year      = {2009},
  language  = {english}
}
@inproceedings{Nikitin2012,
  title     = {{UHF RFID TAG CHARACTERIZATION: OVERVIEW AND STATE-OF-THE-ART}},
  author    = {Nikitin, Pavel V. and Rao, K.V.S. and Lam, Sander},
  booktitle = {Proceedings of AMTA 2012},
  year      = {2012},
  language  = {english}
}
@inproceedings{Nikitin2007,
  title     = {{An Overview of Near Field UHF RFID}},
  author    = {Nikitin, Pavel and Rao, K.V.S. and Lazar, Steve},
  booktitle = {2007 IEEE International Conference on RFID},
  doi       = {10.1109/RFID.2007.346165},
  isbn      = {1-4244-1012-6},
  pages     = {167--174},
  publisher = {IEEE},
  year      = {2007},
  language  = {english}
}
@article{Nikitin2006,
  title    = {{Theory and measurement of backscattering from RFID tags}},
  author   = {Nikitin, P.V. and Rao, K.V.S.},
  doi      = {10.1109/MAP.2006.323323},
  issn     = {1045-9243},
  journal  = {IEEE Antennas and Propagation Magazine},
  month    = {dec},
  number   = {6},
  pages    = {212--218},
  volume   = {48},
  year     = {2006},
  language = {english}
}
@inproceedings{Nikitin2006a,
  title     = {{Performance limitations of passive UHF RFID systems}},
  author    = {Nikitin, P.V. and Rao, K.V.S.},
  booktitle = {2006 IEEE Antennas and Propagation Society International Symposium},
  doi       = {10.1109/APS.2006.1710704},
  isbn      = {1-4244-0123-2},
  pages     = {1011--1014},
  publisher = {IEEE},
  year      = {2006},
  language  = {english}
}
@inproceedings{Zanetti2010,
  title     = {{Physical-layer identification of UHF RFID tags}},
  address   = {New York, New York, USA},
  author    = {Zanetti, Davide and Danev, Boris and Capkun, Srdjan},
  booktitle = {Proceedings of the sixteenth annual international conference on Mobile computing and networking - MobiCom '10},
  doi       = {10.1145/1859995.1860035},
  isbn      = {9781450301817},
  pages     = {353},
  publisher = {ACM Press},
  year      = {2010},
  language  = {english}
}
@article{Zhang2011,
  title    = {{Applications of Fast-Moving RFID Tags in High-Speed Railway Systems}},
  author   = {Zhang, Xiaoqiang and Tentzeris, Manos},
  doi      = {10.5772/45676},
  issn     = {1847-9790},
  journal  = {International Journal of Engineering Business Management},
  month    = {may},
  pages    = {6},
  volume   = {3},
  year     = {2011},
  language = {english}
}
@inproceedings{Marais2013,
  title     = {{Modelling of an RFID-based electronic vehicle identification system}},
  author    = {Marais, H. and Grobler, M. J. and Holm, J. E. W.},
  booktitle = {2013 Africon},
  doi       = {10.1109/AFRCON.2013.6757662},
  isbn      = {978-1-4673-5943-6},
  month     = {sep},
  pages     = {1--5},
  publisher = {IEEE},
  year      = {2013},
  language  = {english}
}
@inproceedings{Lonkar2018,
  title     = {{Design and Monitor Smart Automatic Challan Generation Based on RFID Using GPS and GSM}},
  author    = {Lonkar, Bhupesh B. and Sayankar, Manoj R. and Charde, Pallavi D.},
  booktitle = {Proceedings of 3rd International Conference on Advances in Internet of Things {\&} Connected Technologies (ICIoTCT) 2018},
  doi       = {10.2139/ssrn.3164882},
  issn      = {1556-5068},
  publisher = {SSRN},
  year      = {2018},
  language  = {english}
}
@inproceedings{Balbin2017,
  title     = {{Vehicle identification system through the interoperability of an ultra high frequency radio frequency identification system and its database}},
  author    = {Balbin, Jessie R. and Garcia, Ramon G. and Valiente, Flordeliza L. and Aaron, Brian Christopher F. and Celimen, Christopher John D. and {De Peralta}, Juan Carlos K. and Despabiladeras, Joshua P.},
  booktitle = {2017 IEEE 9th International Conference on Humanoid, Nanotechnology, Information Technology, Communication and Control, Environment and Management (HNICEM)},
  doi       = {10.1109/HNICEM.2017.8269457},
  isbn      = {978-1-5386-0912-5},
  month     = {dec},
  pages     = {1--5},
  publisher = {IEEE},
  year      = {2017},
  language  = {english}
}
@inproceedings{Bhavke2017,
  title     = {{Smart weight based toll collection {\&} vehicle detection during collision using RFID}},
  author    = {Bhavke, Akshay and Pai, Sadhana},
  booktitle = {2017 International conference on Microelectronic Devices, Circuits and Systems (ICMDCS)},
  doi       = {10.1109/ICMDCS.2017.8211569},
  isbn      = {978-1-5386-1716-8},
  month     = {aug},
  pages     = {1--6},
  publisher = {IEEE},
  year      = {2017},
  language  = {english}
}
@inproceedings{MenesesGonzalez2011,
  title     = {{Some considerations about RFID system performance applied to the vehicular identification}},
  author    = {{Meneses Gonzalez}, Ricardo and {Orosco Vega}, Roberto and {Linares y Miranda}, Roberto},
  booktitle = {2011 IEEE International Conference on RFID-Technologies and Applications},
  doi       = {10.1109/RFID-TA.2011.6068626},
  isbn      = {978-1-4577-0028-6},
  month     = {sep},
  pages     = {123--127},
  publisher = {IEEE},
  year      = {2011},
  language  = {english}
}
@inproceedings{Zhang2010a,
  title     = {{Performance analysis of <<fast-moving>> RFID tags in state-of-the-art high-speed railway systems}},
  author    = {Zhang, Xiaoqiang and Lakafosis, Vasileios and Traille, Anya and Tentzeris, Manos M.},
  booktitle = {2010 IEEE International Conference on RFID-Technology and Applications},
  doi       = {10.1109/RFID-TA.2010.5529918},
  isbn      = {978-1-4244-6697-9},
  month     = {jun},
  pages     = {281--285},
  publisher = {IEEE},
  year      = {2010},
  language  = {english}
}
@inproceedings{Pandit2009,
  title     = {{RFID Tracking System for Vehicles (RTSV)}},
  author    = {Pandit, Anala Aniruddha and Mundra, Ankit Kumar and Talreja, Jyot},
  booktitle = {2009 First International Conference on Computational Intelligence, Communication Systems and Networks},
  doi       = {10.1109/CICSYN.2009.50},
  isbn      = {978-0-7695-3743-6},
  month     = {jul},
  pages     = {160--165},
  publisher = {IEEE},
  year      = {2009},
  language  = {english}
}
@inproceedings{Zhai2018,
  title     = {{An Effective Velocity Detection Method for Moving UHF-RFID Tags}},
  author    = {Zhai, Yue and Guo, Qiang and Min, Hao},
  booktitle = {2018 IEEE International Conference on RFID Technology {\&} Application (RFID-TA)},
  doi       = {10.1109/RFID-TA.2018.8552825},
  isbn      = {978-1-5386-5057-8},
  month     = {sep},
  pages     = {1--5},
  publisher = {IEEE},
  year      = {2018},
  language  = {english}
}
@article{Zheng2020,
  title    = {{Understanding Citywide Resident Mobility Using Big Data of Electronic Registration Identification of Vehicles}},
  author   = {Zheng, Linjiang and Xia, Dong and Chen, Li and Sun, Dihua},
  doi      = {10.1109/TITS.2019.2940724},
  issn     = {1524-9050},
  journal  = {IEEE Transactions on Intelligent Transportation Systems},
  month    = {oct},
  number   = {10},
  pages    = {4363--4377},
  volume   = {21},
  year     = {2020},
  language = {english}
}
@article{Porter2008,
  title    = {{An RFID-Enabled Road Pricing System for Transportation}},
  author   = {Porter, J.D. and Kim, D.S.},
  doi      = {10.1109/JSYST.2008.921287},
  issn     = {1932-8184},
  journal  = {IEEE Systems Journal},
  month    = {jun},
  number   = {2},
  pages    = {248--257},
  volume   = {2},
  year     = {2008},
  language = {english}
}
@inproceedings{Wu2019,
  title     = {{Intelligent Parking Management System Utilizing RFID}},
  address   = {New York, New York, USA},
  author    = {Wu, Hao-Ping},
  booktitle = {The ACM MobiSys 2019 on Rising Stars Forum - RisingStarsForum'19},
  doi       = {10.1145/3325425.3329942},
  isbn      = {9781450367769},
  pages     = {37--41},
  publisher = {ACM Press},
  year      = {2019},
  language  = {english}
}
@article{Cho2013,
  title    = {{Effective Position Tracking Using B-Spline Surface Equation Based on Wireless Sensor Networks and Passive UHF-RFID}},
  author   = {Cho, Jae Hyung and Cho, Myeong-Woo},
  doi      = {10.1109/TIM.2013.2259099},
  issn     = {0018-9456},
  journal  = {IEEE Transactions on Instrumentation and Measurement},
  month    = {sep},
  number   = {9},
  pages    = {2456--2464},
  volume   = {62},
  year     = {2013},
  language = {english}
}
@article{Errington2010,
  title    = {{Initial Position Estimation Using RFID Tags: A Least-Squares Approach}},
  author   = {Errington, Angus F. C. and Daku, Brian L. F. and Prugger, Arnfinn F.},
  doi      = {10.1109/TIM.2010.2046366},
  issn     = {0018-9456},
  journal  = {IEEE Transactions on Instrumentation and Measurement},
  month    = {nov},
  number   = {11},
  pages    = {2863--2869},
  volume   = {59},
  year     = {2010},
  language = {english}
}
@article{HongziZhu2009,
  title    = {{HERO: Online Real-Time Vehicle Tracking}},
  author   = {{Hongzi Zhu} and {Minglu Li} and {Yanmin Zhu} and Ni, L.M.},
  doi      = {10.1109/TPDS.2008.147},
  issn     = {1045-9219},
  journal  = {IEEE Transactions on Parallel and Distributed Systems},
  month    = {may},
  number   = {5},
  pages    = {740--752},
  volume   = {20},
  year     = {2009},
  language = {english}
}
@article{Yang2020,
  title    = {{Unsupervised Drowsy Driving Detection With RFID}},
  author   = {Yang, Chao and Wang, Xuyu and Mao, Shiwen},
  doi      = {10.1109/TVT.2020.2995835},
  issn     = {0018-9545},
  journal  = {IEEE Transactions on Vehicular Technology},
  month    = {aug},
  number   = {8},
  pages    = {8151--8163},
  volume   = {69},
  year     = {2020},
  language = {english}
}
@article{Jo2009,
  title    = {{Mobile RFID Tag Detection Influence Factors and Prediction of Tag Detectability}},
  author   = {Jo, Minho and Youn, Hee Yong and Cha, Si-Ho and Choo, Hyunseung},
  doi      = {10.1109/JSEN.2008.2011076},
  issn     = {1530-437X},
  journal  = {IEEE Sensors Journal},
  month    = {feb},
  number   = {2},
  pages    = {112--119},
  volume   = {9},
  year     = {2009},
  language = {english}
}
@article{Choy2020,
  title    = {{Ubiquitous and Low Power Vehicles Speed Monitoring for Intelligent Transport Systems}},
  author   = {Choy, Jose Luis Calderon and Wu, Jing and Long, Chengnian and Lin, Yi-Bing},
  doi      = {10.1109/JSEN.2020.2974829},
  issn     = {1530-437X},
  journal  = {IEEE Sensors Journal},
  month    = {jun},
  number   = {11},
  pages    = {5656--5665},
  volume   = {20},
  year     = {2020},
  language = {english}
}
@article{Sundar2015,
  title    = {{Implementing Intelligent Traffic Control System for Congestion Control, Ambulance Clearance, and Stolen Vehicle Detection}},
  author   = {Sundar, Rajeshwari and Hebbar, Santhoshs and Golla, Varaprasad},
  doi      = {10.1109/JSEN.2014.2360288},
  issn     = {1530-437X},
  journal  = {IEEE Sensors Journal},
  month    = {feb},
  number   = {2},
  pages    = {1109--1113},
  volume   = {15},
  year     = {2015},
  language = {english}
}
@article{Griggs2018,
  title    = {{Localizing Missing Entities Using Parked Vehicles: An RFID-Based System}},
  author   = {Griggs, Wynita M. and Verago, Rudi and Naoum-Sawaya, Joe and Ordonez-Hurtado, Rodrigo H. and Gilmore, Robert and Shorten, Robert N.},
  doi      = {10.1109/JIOT.2018.2864590},
  issn     = {2327-4662},
  journal  = {IEEE Internet of Things Journal},
  month    = {oct},
  number   = {5},
  pages    = {4018--4030},
  volume   = {5},
  year     = {2018},
  language = {english}
}
@article{Cheng2012,
  title    = {{On the Design and Deployment of RFID Assisted Navigation Systems for VANETs}},
  author   = {Cheng, Wei and Cheng, Xiuzhen and Song, Min and Chen, Biao and Zhao, Wendy W.},
  doi      = {10.1109/TPDS.2011.259},
  issn     = {1045-9219},
  journal  = {IEEE Transactions on Parallel and Distributed Systems},
  month    = {jul},
  number   = {7},
  pages    = {1267--1274},
  volume   = {23},
  year     = {2012},
  language = {english}
}
@article{Jing2016,
  title    = {{An Efficient Scheme for Tag Information Update in RFID Systems on Roads}},
  author   = {Jing, Tao and Wei, Xing and Cheng, Wei and Guan, Mingyang and Ma, Liran and Huo, Yan and Cheng, Xiuzhen},
  doi      = {10.1109/TVT.2015.2424685},
  issn     = {0018-9545},
  journal  = {IEEE Transactions on Vehicular Technology},
  month    = {apr},
  number   = {4},
  pages    = {2435--2444},
  volume   = {65},
  year     = {2016},
  language = {english}
}
@article{Park2013,
  title    = {{Self-Recognition of Vehicle Position Using UHF Passive RFID Tags}},
  author   = {Park, Sangdo and Lee, Hongchul},
  doi      = {10.1109/TIE.2012.2185018},
  issn     = {0278-0046},
  journal  = {IEEE Transactions on Industrial Electronics},
  month    = {jan},
  number   = {1},
  pages    = {226--234},
  volume   = {60},
  year     = {2013},
  language = {english}
}
@inproceedings{Jing2013,
  title     = {{Speeding detection in RFID Systems on Roads}},
  author    = {Jing, Tao and Li, Xingni and Cheng, Wei and Huo, Yan and Xing, Xiaoshuang},
  booktitle = {2013 International Conference on Connected Vehicles and Expo (ICCVE)},
  doi       = {10.1109/ICCVE.2013.6799939},
  isbn      = {978-1-4799-2491-2},
  month     = {dec},
  pages     = {953--954},
  publisher = {IEEE},
  year      = {2013},
  language  = {english}
}



%%%%%%%%%%%%%%%%%%%%%%%%
% Аналитика RFID
%%%%%%%%%%%%%%%%%%%%%%%%
@inproceedings{Abramson1970,
  title     = {{THE ALOHA SYSTEM}},
  author    = {Abramson, Norman},
  address   = {New York, New York, USA},
  booktitle = {Proceedings of the November 17-19, 1970, fall joint computer conference on - AFIPS '70 (Fall)},
  doi       = {10.1145/1478462.1478502},
  pages     = {281},
  publisher = {ACM Press},
  year      = {1970},
  language  = {english}
}
@article{Roberts1975,
  title    = {{ALOHA packet system with and without slots and capture}},
  author   = {Roberts, Lawrence G.},
  doi      = {10.1145/1024916.1024920},
  issn     = {0146-4833},
  journal  = {ACM SIGCOMM Computer Communication Review},
  month    = {apr},
  number   = {2},
  pages    = {28--42},
  volume   = {5},
  year     = {1975},
  language = {english}
}
@article{Wang2009,
  title    = {{Performance analysis of RFID Generation-2 protocol}},
  author   = {Wang, Chonggang and Daneshmand, Mahmoud and Sohraby, Kazem and Li, Bo},
  doi      = {10.1109/TWC.2009.080437},
  issn     = {1536-1276},
  journal  = {IEEE Transactions on Wireless Communications},
  month    = {may},
  number   = {5},
  pages    = {2592--2601},
  volume   = {8},
  year     = {2009},
  language = {english}
}
@inproceedings{Vahedi2012,
  title     = {{Analytical modeling of RFID Generation-2 protocol using absorbing Markov chain theorem}},
  author    = {Vahedi, Ehsan and Ward, Rabab K. and Blake, Ian F.},
  booktitle = {2012 IEEE Global Communications Conference (GLOBECOM)},
  doi       = {10.1109/GLOCOM.2012.6503143},
  isbn      = {978-1-4673-0921-9},
  month     = {dec},
  pages     = {385--390},
  publisher = {IEEE},
  year      = {2012},
  language  = {english}
}
@inproceedings{Vales-Alonso2009,
  title     = {{Markovian model for computation of tag loss ratio in dynamic RFID systems}},
  author    = {Vales-Alonso, J. and Bueno-Delgado, M. V. and Egea-Lopez, E. and Alcaraz-Espin, J. J. and Garcia-Haro, J.},
  booktitle = {RFID Systech 2009 - Excellence in RFID Systems and Technologies, 5th European Workshop on RFID Systems and Technologies},
  isbn      = {9783800731688},
  year      = {2009},
  language  = {english}
}
@article{Vales-Alonso2011,
  title    = {{On the Optimal Identification of Tag Sets in Time-Constrained RFID Configurations}},
  author   = {Vales-Alonso, Javier and Bueno-Delgado, Mar{\'{i}}a Victoria and Egea-L{\'{o}}pez, Esteban and Alcaraz, Juan Jos{\'{e}} and P{\'{e}}rez-Ma{\~{n}}ogil, Juan Manuel},
  doi      = {10.3390/s110302946},
  issn     = {1424-8220},
  journal  = {Sensors},
  month    = {mar},
  number   = {3},
  pages    = {2946--2960},
  volume   = {11},
  year     = {2011},
  language = {english}
}
@inproceedings{Tong2007,
  title     = {{Modeling the Anti-Collision Process of RFID System by Markov Chain}},
  author    = {Tong, Qiaoling and Zou, Xuecheng and Liu, Dongsheng and Dai, Yifei},
  booktitle = {2007 International Conference on Wireless Communications, Networking and Mobile Computing},
  doi       = {10.1109/WICOM.2007.513},
  isbn      = {1-4244-1311-7},
  month     = {sep},
  pages     = {2054--2057},
  publisher = {IEEE},
  year      = {2007},
  language  = {english}
}
@inproceedings{DiMarco2014,
  title     = {{Modeling anti-collision protocols for RFID Systems with multiple access interference}},
  author    = {{Di Marco}, Piergiuseppe and Santucci, Fortunato and Fiscione, Carlo},
  booktitle = {2014 IEEE International Conference on Communications, ICC 2014},
  doi       = {10.1109/ICC.2014.6884270},
  isbn      = {9781479920037},
  pages     = {5938--5944},
  publisher = {IEEE Computer Society},
  year      = {2014},
  language  = {english}
}
@inproceedings{Ahmed2016,
  title     = {{A closed form solution for frame slotted ALOHA utilizing time and multiple collision recovery coefficients}},
  author    = {Ahmed, Hazem A. and Salah, Hamed and Robert, Joerg and Heuberger, Albert},
  booktitle = {2016 IEEE Topical Conference on Wireless Sensors and Sensor Networks (WiSNet)},
  doi       = {10.1109/WISNET.2016.7444308},
  isbn      = {978-1-5090-1691-4},
  month     = {jan},
  pages     = {11--14},
  publisher = {IEEE},
  year      = {2016},
  language  = {english}
}
@article{Yan2014,
  title    = {{Numeric Evaluation on the System Efficiency of the EPC Gen-2 UHF RFID Tag Collision Resolution Protocol in Error Prone Air Interface}},
  author   = {Yan, Xin-Qing and Liu, Yang and Li, Bin and Liu, Xue-Mei},
  doi      = {10.1155/2014/716232},
  issn     = {1550-1477},
  journal  = {International Journal of Distributed Sensor Networks},
  month    = {mar},
  number   = {3},
  pages    = {716232},
  volume   = {10},
  year     = {2014},
  language = {english}
}
@inproceedings{Jeon2009,
  title     = {{Performance of RFID EPC C1 Gen2 Anti-collision in Multi-path Fading Environments}},
  author    = {Jeon, Ki Yong and Cho, Sung Ho},
  booktitle = {2009 Second International Conference on Communication Theory, Reliability, and Quality of Service},
  doi       = {10.1109/CTRQ.2009.25},
  isbn      = {978-1-4244-4423-6},
  month     = {jul},
  pages     = {125--128},
  publisher = {IEEE},
  year      = {2009},
  language  = {english}
}
@article{Vahedi2014,
  title    = {{Performance Analysis of RFID Protocols: CDMA Versus the Standard EPC Gen-2}},
  author   = {Vahedi, Ehsan and Ward, Rabab K. and Blake, Ian F.},
  doi      = {10.1109/TASE.2013.2295394},
  issn     = {1545-5955},
  journal  = {IEEE Transactions on Automation Science and Engineering},
  month    = {oct},
  number   = {4},
  pages    = {1250--1261},
  volume   = {11},
  year     = {2014},
  language = {english}
}
@article{LaPorta2011,
  title    = {{Anticollision Protocols for Single-Reader RFID Systems: Temporal Analysis and Optimization}},
  author   = {{La Porta}, T F and Maselli, G and Petrioli, C},
  doi      = {10.1109/TMC.2010.58},
  issn     = {1536-1233},
  journal  = {IEEE Transactions on Mobile Computing},
  month    = {feb},
  number   = {2},
  pages    = {267--279},
  volume   = {10},
  year     = {2011},
  language = {english}
}
@article{Vales-Alonso2017,
  title    = {{Analysis of the Power Outage Effects in RFID}},
  author   = {Vales-Alonso, Javier and Munoz-Gea, Juan Pedro and Alcaraz, Juan J. and Gonzalez-Castano, F. J.},
  doi      = {10.1109/LCOMM.2016.2622258},
  issn     = {1089-7798},
  journal  = {IEEE Communications Letters},
  month    = {feb},
  number   = {2},
  pages    = {306--309},
  volume   = {21},
  year     = {2017},
  language = {english}
}
@article{Vogt2002,
  title     = {{Efficient Object Identification with Passive RFID Tags}},
  address   = {Berlin},
  author    = {Vogt, Harald},
  doi       = {10.1007/3-540-45866-2_9},
  journal   = {Pervasive Computing. Pervasive 2002. Lecture Notes in Computer Science},
  pages     = {98--113},
  publisher = {Springer, Berlin, Heidelberg},
  volume    = {2414},
  year      = {2002},
  language  = {english}
}
@incollection{Kim2007,
  title     = {{Performance Analysis of EPC Class-1 Generation-2 RFID Anti-collision Protocol}},
  address   = {Berlin, Heidelberg},
  author    = {Kim, Jeong Geun and Shin, Woo Jin and Yoo, Ji Ho},
  booktitle = {Computational Science and Its Applications – ICCSA 2007},
  doi       = {10.1007/978-3-540-74484-9_88},
  pages     = {1017--1026},
  publisher = {Springer Berlin Heidelberg},
  year      = {2007},
  language  = {english}
}



%%%%%%%%%%%%%%%%%%%%%%%%%%%%%%%%%%%%%%%
% СИСТЕМЫ МАССОВОГО ОБСЛУЖИВАНИЯ
%%%%%%%%%%%%%%%%%%%%%%%%%%%%%%%%%%%%%%%
%
% --- Книги и классические работы -------------------------------------------
%
@article{Burke1956,
  title    = {{The Output of a Queuing System}},
  author   = {Burke, Paul J.},
  doi      = {10.1287/opre.4.6.699},
  issn     = {0030-364X},
  journal  = {Operations Research},
  month    = {dec},
  number   = {6},
  pages    = {699--704},
  volume   = {4},
  year     = {1956},
  language = {english}
}
@book{Kleinrock1970,
  title     = {{Коммуникационные сети: Стохастические потоки и задержки сообщений}},
  author    = {Клейнрок, Л.},
  address   = {Москва},
  publisher = {Наука},
  year      = {1970},
  language  = {russian}
}
@book{Kleinrock1979,
  title     = {{Теория массового обслуживания}},
  author    = {Клейнрок, Л.},
  address   = {Москва},
  publisher = {Машиностроение},
  year      = {1979},
  language  = {russian}
}
@article{Neuts1979,
  title    = {{A versatile Markovian point process}},
  author   = {Neuts, Marcel F.},
  doi      = {10.2307/3213143},
  issn     = {0021-9002},
  journal  = {Journal of Applied Probability},
  month    = {dec},
  number   = {4},
  pages    = {764--779},
  volume   = {16},
  year     = {1979},
  language = {english}
}
@article{Aldous1987,
  title    = {The least variable phase type distribution is Erlang},
  author   = {Aldous, D. and Shepp, L.},
  issue    = {3},
  journal  = {Communications in Statistics. Stochastic Models.},
  pages    = {467-473},
  volume   = {3},
  year     = {1987},
  language = {english}
}
@article{Lucantoni1993,
  title     = {{The BMAP/G/1 queue: A tutorial}},
  author    = {Lucantoni, David M.},
  address   = {Berlin/Heidelberg},
  journal   = {Performance Evaluation of Computer and Communication Systems. Performance 1993, SIGMETRICS 1993. Lecture Notes in Computer Science},
  doi       = {10.1007/BFb0013859},
  pages     = {330--358},
  publisher = {Springer-Verlag},
  volume    = {729},
  year      = {1993},
  language  = {english}
}
@book{Dudin2000,
  title     = {{Системы массового обслуживания с коррелированными потоками}},
  author    = {Дудин, А.Н. and Клименок, В.И.},
  address   = {Минск},
  isbn      = {985-445-315-4},
  pages     = {175},
  publisher = {БГУ},
  year      = {2000},
  language  = {russian}
}
@book{VishnevskyDudin2018,
  title     = {{Стохастические системы с коррелированными потоками. Теория и применение в телекоммуникационных сетях}},
  author    = {Вишневский, В.М. and Дудин, А.Н. and Клименок, В.И.},
  isbn      = {978-5-94836-520-6},
  pages     = {564},
  publisher = {Техносфера},
  year      = {2018},
  language  = {russian}
}


%
% --- Общее про моделирование трафика ----------------------------------------
%
@article{Heyman2003,
  title    = {{Modeling multiple ip traffic streams with rate limits}},
  author   = {Heyman, D.P. and Lucantoni, D.},
  doi      = {10.1109/TNET.2003.820252},
  issn     = {1063-6692},
  journal  = {IEEE/ACM Transactions on Networking},
  month    = {dec},
  number   = {6},
  pages    = {948--958},
  volume   = {11},
  year     = {2003},
  language = {english}
}
@article{Klemm2003,
  title    = {{Modeling IP traffic using the batch Markovian arrival process}},
  author   = {Klemm, Alexander and Lindemann, Christoph and Lohmann, Marco},
  doi      = {10.1016/S0166-5316(03)00067-1},
  issn     = {01665316},
  journal  = {Performance Evaluation},
  month    = {oct},
  number   = {2},
  pages    = {149--173},
  volume   = {54},
  year     = {2003},
  language = {english}
}
@article{Scott2003,
  title    = {{The Markov Modulated Poisson Process and Markov Poisson Cascade with Applications to Web Traffic Data}},
  author   = {Scott, Steven L. and Smyth, Padhraic},
  journal  = {Bayesian Statistic},
  pages    = {671--680},
  volume   = {7},
  year     = {2003},
  language = {english}
}
@book{Buchholz2014,
  title     = {{Input Modeling with Phase-Type Distributions and Markov Models}},
  address   = {Cham},
  author    = {Buchholz, Peter and Kriege, Jan and Felko, Iryna},
  doi       = {10.1007/978-3-319-06674-5},
  isbn      = {978-3-319-06673-8},
  publisher = {Springer International Publishing},
  series    = {SpringerBriefs in Mathematics},
  year      = {2014},
  language  = {english}
}



%
% --- Анализ сетей МО --------------------------------------------------------
%
@article{Strelen1997,
  title    = {{Approximate product form solutions for Markov chains}},
  author   = {Strelen, Johann Christoph},
  doi      = {10.1016/S0166-5316(96)00053-3},
  issn     = {01665316},
  journal  = {Performance Evaluation},
  month    = {07},
  number   = {1-2},
  pages    = {87--110},
  volume   = {30},
  year     = {1997},
  language = {english}
}
@article{Strelen1997a,
  title    = {{Approximate Disaggregation-Aggregation Solutions for General Queueing Networks}},
  author   = {Strelen, Johann Christoph},
  journal  = {Soc. for Computer Simulation},
  pages    = {773--778},
  year     = {1997},
  language = {english}
}
@article{Bean1998,
  title    = {{The Output Process of an MMPP/M/1 Queue}},
  author   = {Bean, Nigel and Green, David and Taylor, Peter},
  journal  = {Journal of Applied Probability},
  number   = {4},
  pages    = {998--1002},
  volume   = {35},
  year     = {1998},
  language = {english}
}
@article{Strelen1998,
  title    = {{Analysis of queueing networks with blocking using a new aggregation technique}},
  author   = {Strelen, Johann Christoph and B{\"{a}}rk, Berthold and Becker, J{\"{u}}rgen and Jonas, Volker},
  doi      = {10.1023/A:1018914503645},
  issn     = {02545330},
  journal  = {Annals of Operations Research},
  pages    = {121--142},
  volume   = {79},
  year     = {1998},
  language = {english}
}
@article{Henderson1990,
  title    = {{Product form in networks of queues with batch arrivals and batch services}},
  author   = {Henderson, W. and Taylor, P. G.},
  doi      = {10.1007/BF02411466},
  issn     = {0257-0130},
  journal  = {Queueing Systems},
  month    = {12},
  number   = {1},
  pages    = {71--87},
  volume   = {6},
  year     = {1990},
  language = {english}
}
@article{Buchholz2006,
  title    = {{Bounding stationary results of Tandem networks with MAP input and PH service time distributions}},
  author   = {Buchholz, Peter},
  doi      = {10.1145/1140103.1140300},
  issn     = {0163-5999},
  journal  = {ACM SIGMETRICS Performance Evaluation Review},
  month    = {jun},
  number   = {1},
  pages    = {191--202},
  volume   = {34},
  year     = {2006},
  language = {english}
}
@article{Kim2007,
  title    = {{The BMAP/G/1 --{\textgreater} /PH/1/M tandem queue with feedback and losses}},
  author   = {Kim, Che Soong and Klimenok, Valentina and Tsarenkov, Gennadiy and Breuer, Lothar and Dudin, Alexander},
  doi      = {10.1016/j.peva.2007.01.002},
  issn     = {01665316},
  journal  = {Performance Evaluation},
  month    = {08},
  number   = {7-8},
  pages    = {802--818},
  volume   = {64},
  year     = {2007},
  language = {english}
}
@article{HE2001,
  title     = {{The Versatility of MMAP[K] and the MMAP[K]/G[K]/1 Queue}},
  author    = {HE, Qi-Ming},
  doi       = {10.1023/A:1010995827792},
  issn      = {1572-9443},
  journal   = {Queueing Systems 2001 38:4},
  number    = {4},
  pages     = {397--418},
  publisher = {Springer},
  volume    = {38},
  year      = {2001},
  language  = {english}
}
@article{Lian2011,
  title    = {{Departure processes and busy periods of a tandem network}},
  author   = {Lian, Zhaotong and Zhao, Ning},
  doi      = {10.1007/s12351-010-0076-0},
  issn     = {1109-2858},
  journal  = {Operational Research},
  month    = {11},
  number   = {3},
  pages    = {245--257},
  volume   = {11},
  year     = {2011},
  language = {english}
}
@article{Kim2012,
  title    = {{A Tandem BMAP/G/1 -{\textgreater} M/N/0 Queue with Group Occupation of Servers at the Second Station}},
  author   = {Kim, Chesoong and Dudin, Alexander and Klimenok, Valentina and Taramin, Olga},
  doi      = {10.1155/2012/324604},
  issn     = {1024-123X},
  journal  = {Mathematical Problems in Engineering},
  pages    = {1--26},
  volume   = {2012},
  year     = {2012},
  language = {english}
}
@article{VanHoudt2012,
  title    = {{Analysis of the adaptive MMAP[K]/PH[K]/1 queue: A multi-type queue with adaptive arrivals and general impatience}},
  author   = {{Van Houdt}, Benny},
  doi      = {10.1016/j.ejor.2012.02.029},
  issn     = {03772217},
  journal  = {European Journal of Operational Research},
  month    = {aug},
  number   = {3},
  pages    = {695--704},
  volume   = {220},
  year     = {2012},
  language = {english}
}
@article{Vishnevskii2017,
  title    = {{Queueing systems with correlated arrival flows and their applications to modeling telecommunication networks}},
  author   = {Vishnevskii, V. M. and Dudin, A. N.},
  doi      = {10.1134/S000511791708001X},
  issn     = {0005-1179},
  journal  = {Automation and Remote Control},
  month    = {aug},
  number   = {8},
  pages    = {1361--1403},
  volume   = {78},
  year     = {2017},
  language = {english}
}
@article{Kim2018,
  title    = {{Analysis of a semi-open queueing network with Markovian arrival process}},
  author   = {Kim, Jiseung and Dudin, Alexander and Dudin, Sergey and Kim, Chesoong},
  doi      = {10.1016/j.peva.2017.12.005},
  issn     = {01665316},
  journal  = {Performance Evaluation},
  month    = {apr},
  pages    = {1--19},
  volume   = {120},
  year     = {2018},
  language = {english}
}
@article{Klimenok2020,
  title    = {{Priority Multi-Server Queueing System with Heterogeneous Customers}},
  author   = {Klimenok, Valentina and Dudin, Alexander and Vishnevsky, Vladimir},
  doi      = {10.3390/math8091501},
  issn     = {2227-7390},
  journal  = {Mathematics},
  month    = {sep},
  number   = {9},
  pages    = {1501},
  volume   = {8},
  year     = {2020},
  language = {english}
}




%
% --- PH fitting: maximum likelihood, EM-процедура ---------------------------
%
@article{Bobbio1992,
  title    = {{ML estimation of the parameters of a PH distribution in triangular canonical form}},
  author   = {Bobbio, Andrea and Cumani, Aldo},
  journal  = {Computer performance evaluation},
  number   = {22},
  pages    = {33--46},
  year     = {1992},
  language = {english}
}
@article{Asmussen1996,
  title    = {{Fitting Phase-type Distributions via the EM Algorithm}},
  author   = {Asmussen, S{\o}ren and Nerman, Olle and Olsson, Marita},
  issn     = {0303-6898},
  journal  = {Scandinavian Journal of Statistics},
  number   = {4},
  pages    = {419--441},
  volume   = {23},
  year     = {1996},
  language = {english}
}
@article{ElAbdouniKhayari2003,
  title     = {{Fitting world-wide web request traces with the EM-algorithm}},
  author    = {{El Abdouni Khayari}, Rachid and Sadre, Ramin and Baverkort, Boudewijn R.},
  doi       = {10.1016/S0166-5316(02)00179-7},
  issn      = {01665316},
  journal   = {Performance Evaluation},
  month     = {apr},
  number    = {2-3},
  pages     = {175--191},
  publisher = {North-Holland},
  volume    = {52},
  year      = {2003},
  language  = {english}
}
@inproceedings{Thummler2005,
  title     = {{A Novel Approach for Fitting Probability Distributions to Real Trace Data with the EM Algorithm}},
  address   = {Yokohama, Japan, Japan},
  author    = {Thummler, A. and Buchholz, P. and Telek, M.},
  booktitle = {2005 International Conference on Dependable Systems and Networks (DSN'05)},
  doi       = {10.1109/DSN.2005.11},
  isbn      = {0-7695-2282-3},
  pages     = {712--721},
  publisher = {IEEE},
  year      = {2005},
  language  = {english}
}
@article{Okamura2011,
  title     = {{A refined em algorithm for PH distributions}},
  author    = {Okamura, Hiroyuki and Dohi, Tadashi and Trivedi, Kishor S.},
  doi       = {10.1016/j.peva.2011.04.001},
  issn      = {01665316},
  journal   = {Performance Evaluation},
  month     = {oct},
  number    = {10},
  pages     = {938--954},
  publisher = {North-Holland},
  volume    = {68},
  year      = {2011},
  language  = {english}
}
@article{Okamura2013,
  title     = {{Improvement of expectation-maximization algorithm for phase-type distributions with grouped and truncated data}},
  author    = {Okamura, Hiroyuki and Dohi, Tadashi and Trivedi, Kishor S.},
  doi       = {10.1002/asmb.1919},
  issn      = {15241904},
  journal   = {Applied Stochastic Models in Business and Industry},
  month     = {mar},
  number    = {2},
  pages     = {141--156},
  publisher = {John Wiley & Sons, Ltd},
  volume    = {29},
  year      = {2013},
  language  = {english}
}



%
% --- PH fitting: метод моментов ---------------------------------------------
%
@article{Johnson1989,
  title     = {{Matching moments to phase distributions: Mixtures of erlang distributions of common order}},
  author    = {Johnson, Mary A. and Taaffe, Michael R.},
  doi       = {10.1080/15326348908807131},
  issn      = {08820287},
  journal   = {Communications in Statistics. Stochastic Models},
  number    = {4},
  pages     = {711--743},
  publisher = {Marcel Dekker, Inc.},
  volume    = {5},
  year      = {1989},
  language  = {english}
}
@article{Schmickler1992,
  title     = {{Meda: Mixed erlang distributions as phase-type representations of empirical distribution functions}},
  author    = {Schmickler, Leonhard},
  doi       = {10.1080/15326349208807217},
  issn      = {08820287},
  journal   = {Communications in Statistics. Stochastic Models},
  number    = {1},
  pages     = {131--156},
  publisher = {Marcel Dekker, Inc.},
  volume    = {8},
  year      = {1992},
  language  = {english}
}
@article{VandenBosch2000,
  title     = {{Moment matching using a family of phase-type distributions}},
  author    = {{Vanden Bosch}, Peter M. and Dietz, Dennis C. and Pohl, Edward A.},
  doi       = {10.1080/15326340008807595},
  issn      = {0882-0287},
  journal   = {Communications in Statistics. Stochastic Models},
  month     = {jan},
  number    = {3-4},
  pages     = {391--398},
  publisher = {Informa UK Limited},
  volume    = {16},
  year      = {2000},
  language  = {english}
}
@article{Telek2003,
  title    = {{Matching Moments For Acyclic Discrete And Continuous Phase-Type Distributions Of Second Order}},
  author   = {Telek, Mikl{\'{o}}s and Heindl, Armin},
  journal  = {International Journal of Simulation Systems, Science and Technology},
  volume   = {3},
  year     = {2003},
  language = {english}
}
@article{Horvath2013,
  title     = {{Moment Matching-Based Distribution Fitting with Generalized Hyper-Erlang Distributions}},
  author    = {Horv{\'{a}}th, G{\'{a}}bor},
  doi       = {10.1007/978-3-642-39408-9_17},
  journal   = {Analytical and Stochastic Modeling Techniques and Applications. ASMTA 2013. Lecture Notes in Computer Science},
  pages     = {232--246},
  publisher = {Springer, Berlin, Heidelberg},
  volume    = {7984},
  year      = {2013},
  language  = {english}
}
@article{Horvath2007,
  title     = {{A Canonical Representation of Order 3 Phase Type Distributions}},
  address   = {Berlin, Heidelberg},
  author    = {Horv{\'{a}}th, G{\'{a}}bor and Telek, Mikl{\'{o}}s},
  doi       = {10.1007/978-3-540-75211-0_5},
  journal   = {Formal Methods and Stochastic Models for Performance Evaluation. EPEW 2007. Lecture Notes in Computer Science},
  pages     = {48--62},
  publisher = {Springer Berlin Heidelberg},
  volume    = {4748},
  year      = {2007},
  language  = {english}
}
@article{Bobbio2005,
  title    = {{Matching Three Moments with Minimal Acyclic Phase Type Distributions}},
  author   = {Bobbio, A. and Horv{\'{a}}th, A. and Telek, M.},
  doi      = {10.1081/STM-200056210},
  issn     = {1532-6349},
  journal  = {Stochastic Models},
  month    = {jan},
  number   = {2-3},
  pages    = {303--326},
  volume   = {21},
  year     = {2005},
  language = {english}
}

%
% --- PH fitting: прочее -----------------------------------------------------
%

%
% --- MAP fitting: maximum likelihood, EM-процедура --------------------------
%
@article{Buchholz2003,
  title     = {{An EM-algorithm for MAP fitting from real traffic data}},
  author    = {Buchholz, Peter},
  doi       = {10.1007/978-3-540-45232-4_14},
  isbn      = {3540408142},
  issn      = {16113349},
  journal   = {Lecture Notes in Computer Science (including subseries Lecture Notes in Artificial Intelligence and Lecture Notes in Bioinformatics)},
  pages     = {218--236},
  publisher = {Springer Verlag},
  volume    = {2794},
  year      = {2003},
  language  = {english}
}
@article{Ephraim2009,
  title    = {{An EM algorithm for Markov modulated Markov processes}},
  author   = {Ephraim, Yariv and Roberts, William J.J.},
  doi      = {10.1109/TSP.2008.2007919},
  issn     = {1053587X},
  journal  = {IEEE Transactions on Signal Processing},
  number   = {2},
  pages    = {463--470},
  volume   = {57},
  year     = {2009},
  language = {english}
}
@inproceedings{Okamura2009,
  title     = {{Faster Maximum Likelihood Estimation Algorithms for Markovian Arrival Processes}},
  address   = {Budapest, Hungary},
  author    = {Okamura, Hiroyuki and Dohi, Tadashi},
  booktitle = {2009 Sixth International Conference on the Quantitative Evaluation of Systems},
  doi       = {10.1109/QEST.2009.28},
  isbn      = {978-0-7695-3808-2},
  month     = {sep},
  pages     = {73--82},
  publisher = {IEEE},
  year      = {2009},
  language  = {english}
}
@article{Horvath2013,
  title     = {{A Fast EM Algorithm for Fitting Marked Markovian Arrival Processes with a New Special Structure}},
  author    = {Horv{\'{a}}th, G{\'{a}}bor and Okamura, Hiroyuki},
  doi       = {10.1007/978-3-642-40725-3_10},
  journal   = {Computer Performance Engineering. EPEW 2013. Lecture Notes in Computer Science},
  pages     = {119--133},
  publisher = {Springer, Berlin, Heidelberg},
  volume    = {8168},
  year      = {2013},
  language  = {english}
}


%
% --- MAP fitting: метод моментов --------------------------------------------
%
@inproceedings{Horvath2005,
  title     = {{A MAP fitting approach with independent approximation of the inter-arrival time distribution and the lag correlation}},
  author    = {Horvath, G. and Buchholz, P. and Telek, M.},
  booktitle = {Second International Conference on the Quantitative Evaluation of Systems (QEST'05)},
  doi       = {10.1109/QEST.2005.1},
  isbn      = {0-7695-2427-3},
  pages     = {124--133},
  publisher = {IEEE},
  year      = {2005},
  language  = {english}
}
@article{Osogami2006,
  title     = {{Closed form solutions for mapping general distributions to quasi-minimal PH distributions}},
  author    = {Osogami, Takayuki and Harchol-Balter, Mor},
  doi       = {10.1016/j.peva.2005.06.002},
  file      = {::},
  issn      = {01665316},
  journal   = {Performance Evaluation},
  month     = {jun},
  number    = {6},
  pages     = {524--552},
  publisher = {North-Holland},
  volume    = {63},
  year      = {2006},
  language  = {english}
}
@article{TelekHorvath2007,
  title     = {{A minimal representation of Markov arrival processes and a moments matching method}},
  author    = {Telek, M. and Horv{\'{a}}th, G.},
  doi       = {10.1016/j.peva.2007.06.001},
  issn      = {01665316},
  journal   = {Performance Evaluation},
  month     = {oct},
  number    = {9-12},
  pages     = {1153--1168},
  publisher = {Elsevier},
  volume    = {64},
  year      = {2007},
  language  = {english}
}
@inproceedings{Bodrog2008,
  title     = {{Current results and open questions on PH and MAP characterization}},
  author    = {Bodrog, L and Heindl, A and Horv{\'{a}}th, A. and Horv{\'{a}}th, G{\'{a}}bor and Telek, M},
  address   = {Schloss Dagstuhl, Germany},
  booktitle = {Numerical Methods for Structured Markov Chains. Dagstuhl Seminar Proceedings},
  issn      = {1862-4405},
  pages     = {1--6},
  publisher = {Internationales Begegnungs- und Forschungszentrum fur Informatik (IBFI)},
  year      = {2008},
  language  = {english}
}
@inproceedings{Bodrog2010,
  title     = {{Canonical form based MAP(2) fitting}},
  author    = {Bodrog, Levente and Buchholz, Peter and Kriege, Jan and Telek, Mikl{\'{o}}s},
  booktitle = {Proceedings - 7th International Conference on the Quantitative Evaluation of Systems, QEST 2010},
  doi       = {10.1109/QEST.2010.22},
  isbn      = {9780769541884},
  pages     = {107--116},
  year      = {2010},
  language  = {english}
}



%
% --- MAP fitting: прочее -----------------------------------------------------
%
@article{Buchholz2010,
  title    = {{Multi-class Markovian arrival processes and their parameter fitting}},
  author   = {Buchholz, Peter and Kemper, Peter and Kriege, Jan},
  doi      = {10.1016/j.peva.2010.08.006},
  issn     = {01665316},
  journal  = {Performance Evaluation},
  month    = {nov},
  number   = {11},
  pages    = {1092--1106},
  volume   = {67},
  year     = {2010},
  language = {english}
}
@article{Casale2010,
  title    = {Trace data characterization and fitting for Markov modeling},
  author   = {Casale, Giuliano and Zhang, Eddy Z. and Smirni, Evgenia},
  issue    = {2},
  journal  = {Performance Evaluation},
  pages    = {61-79},
  volume   = {67},
  year     = {2010},
  language = {english}
}
@article{Horvath2010,
  title    = {A Joint Moments Based Analysis of Networks of {MAP}/{MAP}/1 Queues},
  author   = {Horvath, Andras and Horvath, Gabor and Telek, Miklos},
  issue    = {9},
  journal  = {Performance Evaluation},
  pages    = {759-778},
  volume   = {67},
  year     = {2010},
  language = {english}
}




%%%%%%%%%%%%%%%%%%%%%%%%%%%%%%%%%%%%%%%
% КАНАЛЫ IEEE 802.11
%%%%%%%%%%%%%%%%%%%%%%%%%%%%%%%%%%%%%%%

@article{Bianchi2000,
  title     = {{Performance analysis of the IEEE 802.11 distributed coordination function}},
  author    = {Bianchi, Giuseppe},
  doi       = {10.1109/49.840210},
  issn      = {07338716},
  journal   = {IEEE Journal on Selected Areas in Communications},
  month     = {mar},
  number    = {3},
  pages     = {535--547},
  publisher = {IEEE},
  volume    = {18},
  year      = {2000},
  language  = {english}
}
@inproceedings{Hung2007,
  title     = {{Access Delay Analysis of IEEE 802.11 DCF in the Presence of Hidden Stations}},
  author    = {Hung, Fu-Yi and Marsic, Ivan},
  booktitle = {IEEE GLOBECOM 2007-2007 IEEE Global Telecommunications Conference},
  doi       = {10.1109/GLOCOM.2007.483},
  isbn      = {978-1-4244-1042-2},
  month     = {nov},
  pages     = {2541--2545},
  publisher = {IEEE},
  year      = {2007},
  language  = {english}
}
@inproceedings{Vardakas2007,
  title     = {{On the end-to-end delay analysis of the IEEE 802.11 distributed coordination function}},
  author    = {Vardakas, J. S. and Papapanagiotou, I. and Logothetis, M. D. and Kotsopoulos, S. A.},
  booktitle = {Second International Conference on Internet Monitoring and Protection, ICIMP 2007},
  doi       = {10.1109/ICIMP.2007.29},
  isbn      = {0769529119},
  year      = {2007},
  language  = {english}
}
@article{Tickoo2008,
  title    = {{Modeling queueing and channel access delay in unsaturated IEEE 802.11 random access MAC based wireless networks}},
  author   = {Tickoo, Omesh and Sikdar, O.},
  doi      = {10.1109/TNET.2007.904010},
  issn     = {10636692},
  journal  = {IEEE/ACM Transactions on Networking},
  number   = {4},
  pages    = {878--891},
  volume   = {16},
  year     = {2008},
  language = {english}
}
@article{Sakurai2007,
  title    = {{MAC access delay of IEEE 802.11 DCF}},
  author   = {Sakurai, Taka and Vu, Hai L.},
  doi      = {10.1109/TWC.2007.360372},
  issn     = {15361276},
  journal  = {IEEE Transactions on Wireless Communications},
  month    = {may},
  number   = {5},
  pages    = {1702--1710},
  volume   = {6},
  year     = {2007},
  language = {english}
}
@inproceedings{Issariyakul2005,
  title     = {{Exact distribution of access delay in IEEE 802.11 DCF MAC}},
  author    = {Issariyakul, Teerawat and Niyato, Dusit and Hossain, Ekram and Alfa, Attahiru Sule},
  booktitle = {GLOBECOM - IEEE Global Telecommunications Conference},
  doi       = {10.1109/GLOCOM.2005.1578218},
  isbn      = {0780394143},
  pages     = {2534--2538},
  volume    = {5},
  year      = {2005},
  language  = {english}
}
@inproceedings{Haghani2011,
  title     = {{A method for estimating access delay distribution in IEEE 802.11 networks}},
  author    = {Haghani, Ehsan and Krishnan, Michael N. and Zakhor, Avideh},
  booktitle = {GLOBECOM - IEEE Global Telecommunications Conference},
  doi       = {10.1109/GLOCOM.2011.6134235},
  isbn      = {9781424492688},
  year      = {2011},
  language  = {english}
}
@article{Felemban2011,
  title    = {{Single hop IEEE 802.11 DCF analysis revisited: Accurate modeling of channel access delay and throughput for saturated and unsaturated traffic cases}},
  author   = {Felemban, Emad and Ekici, Eylem},
  doi      = {10.1109/TWC.2011.072511.101227},
  issn     = {15361276},
  journal  = {IEEE Transactions on Wireless Communications},
  month    = {oct},
  number   = {10},
  pages    = {3256--3266},
  volume   = {10},
  year     = {2011},
  language = {english}
}
@article{Dong2008,
  title    = {{Packet delay analysis on IEEE 802.11 DCF under finite load traffic in multi-hop ad hoc networks}},
  author   = {Dong, LinFang and Shu, YanTai and Chen, HaiMing and Ma, MaoDe},
  doi      = {10.1007/s11432-008-0008-2},
  issn     = {1009-2757},
  journal  = {Science in China Series F: Information Sciences},
  month    = {apr},
  number   = {4},
  pages    = {408--416},
  volume   = {51},
  year     = {2008},
  language = {english}
}
@article{Dai2013,
  title    = {{A unified analysis of IEEE 802.11 DCF networks: Stability, throughput, and delay}},
  author   = {Dai, Lin and Sun, Xinghua},
  doi      = {10.1109/TMC.2012.128},
  issn     = {15361233},
  journal  = {IEEE Transactions on Mobile Computing},
  number   = {8},
  pages    = {1558--1572},
  volume   = {12},
  year     = {2013},
  language = {english}
}
@inproceedings{Chatzimisios2002,
  title     = {{Throughput and delay analysis of IEEE 802.11 protocol}},
  author    = {Chatzimisios, P. and Vitsas, V. and Boucouvalas, A. C.},
  booktitle = {Proceedings - 5th IEEE International Workshop on Networked Appliances, IWNA 2002},
  doi       = {10.1109/IWNA.2002.1241355},
  isbn      = {0780376862},
  pages     = {168--174},
  publisher = {IEEE},
  year      = {2002},
  language  = {english}
}
@article{Banchs2006,
  title     = {{End-to-end delay analysis and admission control in 802.11 DCF WLANs}},
  author    = {Banchs, Albert and Serrano, Pablo and Azcorra, Arturo},
  doi       = {10.1016/j.comcom.2005.08.006},
  issn      = {01403664},
  journal   = {Computer Communications},
  month     = {apr},
  number    = {7},
  pages     = {842--854},
  publisher = {Elsevier},
  volume    = {29},
  year      = {2006},
  language  = {english}
}
@article{Lauwens2010,
  title    = {{Performance analysis of unslotted CSMA/CA in wireless networks}},
  author   = {Lauwens, Ben and Scheers, Bart and {Van de Capelle}, Antoine},
  doi      = {10.1007/s11235-009-9220-7},
  issn     = {1018-4864},
  journal  = {Telecommunication Systems},
  month    = {jun},
  number   = {1-2},
  pages    = {109--123},
  volume   = {44},
  year     = {2010},
  language = {english}
}
@inproceedings{Chat2002,
  title     = {{Throughput and delay analysis of IEEE 802.11 protocol}},
  author    = {P. {Chatzimisios} and V. {Vitsas} and A. C. {Boucouvalas}},
  booktitle = {{Proceedings 3rd IEEE International Workshop on System-on-Chip for Real-Time Applications}},
  year      = {2002},
  pages     = {168-174},
  doi       = {10.1109/IWNA.2002.1241355},
  month     = {Oct},
  language  = {english}
}
@inproceedings{Issar2005,
  title     = {Exact distribution of access delay in IEEE 802.11 DCF MAC},
  author    = {T. {Issariyakul} and D. {Niyato} and E. {Hossain} and A. S. {Alfa}},
  booktitle = {GLOBECOM '05. IEEE Global Telecommunications Conference, 2005.},
  year      = {2005},
  volume    = {5},
  pages     = {5 pp.-2538},
  doi       = {10.1109/GLOCOM.2005.1578218},
  issn      = {1930-529X},
  month     = {Nov},
  language  = {english}
}
@article{Duffy2005,
  title    = {{Modeling the 802.11 Distributed Coordination Function in Non-Saturated Conditions}},
  author   = {Duffy, Ken and Malone, David and Leith, Douglas J},
  doi      = {10.1109/LCOMM.2005.1496592},
  issn     = {1089-7798},
  journal  = {Ieee Communications Letters},
  number   = {8},
  pages    = {715--717},
  volume   = {9},
  year     = {2005},
  language = {english}
}
@article{Gao2005,
  title    = {{Admission control in IEEE 802.11e wireless LANs}},
  author   = {Gao, Deyun and Cai, Jianfei and Ngan, King Ngi and Kong, Hong},
  doi      = {10.1109/MNET.2005.1470677},
  issn     = {0890-8044},
  journal  = {IEEE Network},
  number   = {4},
  pages    = {6--13},
  volume   = {19},
  year     = {2005},
  language = {english}
}
@article{Charfi2012,
  title    = {{Upcoming WLANs MAC access mechanisms: An overview}},
  author   = {Charfi, Emna and Chaari, Lamia and Kamoun, Lotfi},
  doi      = {10.1109/CSNDSP.2012.6292711},
  isbn     = {9781457714733},
  journal  = {Proceedings of the 2012 8th International Symposium on Communication Systems, Networks and Digital Signal Processing, CSNDSP 2012},
  year     = {2012},
  language = {english}
}
@article{Engelstad2006,
  title    = {{Queueing delay analysis of IEEE 802.11e EDCA}},
  author   = {Engelstad, Paal E and Osterbo, Olav N},
  journal  = {Ifip Wons},
  year     = {2006},
  language = {english}
}
@article{Hazra2011,
  title    = {{Performance Analysis of IEEE 802.11 e EDCA with QoS Enhancements through TXOP based Frame-concatenation and Block-acknowledgement}},
  author   = {Hazra, PK and De, A},
  journal  = {International Journal of Advancements in Technology},
  number   = {4},
  pages    = {542--560},
  volume   = {2},
  year     = {2011},
  language = {english}
}
@article{Kong2004,
  title    = {{Performance analysis of IEEE 802.11e contention-based channel access}},
  author   = {Kong, Zhen-ning Kong Zhen-ning and Tsang, D.H.K. and Bensaou, B. and Gao, Deyun Gao Deyun},
  doi      = {10.1109/JSAC.2004.836019},
  issn     = {0733-8716},
  journal  = {IEEE Journal on Selected Areas in Communications},
  number   = {10},
  pages    = {2095-- 2106},
  volume   = {22},
  year     = {2004},
  language = {english}
}
@article{Liu2007,
  title    = {{Delay analysis of IEEE 802.11 e EDCA under unsaturated conditions}},
  author   = {Liu, Jing and Niu, Zhisheng},
  journal  = {Networking Conference, 2007. WCNC 2007.},
  year     = {2007},
  language = {english}
}
@article{Inan2009,
  title    = {{Analysis of the 802.11e enhanced distributed channel access function}},
  author   = {Inan, Inanc and Keceli, Feyza and Ayanoglu, Ender},
  doi      = {10.1109/TCOMM.2009.06.0701132},
  isbn     = {1424410436},
  issn     = {00906778},
  journal  = {IEEE Transactions on Communications},
  number   = {6},
  pages    = {1753--1764},
  volume   = {57},
  year     = {2009},
  language = {english}
}
@article{Misic2012,
  title    = {{Analysis of impact of TXOP allocation on IEEE 802.11e EDCA under variable network load}},
  author   = {Misic, Jelena and Rashwand, Saeed and Misic, Vojislav B.},
  doi      = {10.1109/TPDS.2011.229},
  issn     = {10459219},
  journal  = {IEEE Transactions on Parallel and Distributed Systems},
  number   = {5},
  pages    = {785--799},
  volume   = {23},
  year     = {2012},
  language = {english}
}
@inproceedings{YanfengZhu2006,
  title     = {{A novel queueing model for finite load IEEE 802.11 WLANs}},
  author    = {{Yanfeng Zhu} and {Zhisheng Niu}},
  booktitle = {VTC-2005-Fall. 2005 IEEE 62nd Vehicular Technology Conference, 2005.},
  doi       = {10.1109/VETECF.2005.1558147},
  isbn      = {0-7803-9152-7},
  pages     = {1352--1356},
  publisher = {IEEE},
  volume    = {2},
  year      = {2006},
  language  = {english}
}
@incollection{Harsha2006,
  title     = {{An Analytical Model for Capacity Evaluation of VoIP on HCCA and TCP File Transfers over EDCA in an IEEE 802.11e WLAN}},
  author    = {Harsha, Sri and Anand, S. V. R. and Kumar, Anurag and Sharma, Vinod},
  address   = {Berlin, Heidelberg},
  booktitle = {International Conference on Distributed Computing and Networking},
  doi       = {10.1007/11947950_27},
  editor    = {Chaudhuri, Soma and Das, Samir R. and Paul, Himadri S. and Tirthapura, Srikanta},
  isbn      = {978-3-540-68139-7},
  number    = {November 2016},
  pages     = {245--256},
  publisher = {Springer Berlin Heidelberg},
  series    = {Lecture Notes in Computer Science},
  volume    = {4308},
  year      = {2006},
  language  = {english}
}
@article{Ghazizadeh2009,
  title    = {{A Priority Queuing Model for HCF Controlled Channel Access (HCCA) in Wireless LANs}},
  author   = {Ghazizadeh, Reza},
  doi      = {10.4236/ijcns.2009.21004},
  issn     = {1913-3715},
  journal  = {Int'l J. of Communications, Network and System Sciences},
  number   = {01},
  pages    = {30--43},
  volume   = {02},
  year     = {2009},
  language = {english}
}
@article{Rashd2006,
  title    = {{Queueing analysis of 802.11e HCCA with variable bit rate traffic}},
  author   = {Rashd, Mohammad M. and Hossain, Ekram and Bhargava, Vijay K.},
  doi      = {10.1109/ICC.2006.255398},
  isbn     = {1424403553},
  issn     = {05361486},
  journal  = {IEEE International Conference on Communications},
  number   = {c},
  pages    = {4792--4798},
  volume   = {10},
  year     = {2006},
  language = {english}
}
@inproceedings{Khan2017,
  title     = {{Analysis of very high throughput (VHT) at MAC and PHY layers under MIMO channel in IEEE 802.11ac WLAN}},
  author    = {Khan, Gul Zameen and Gonzalez, Ruben and Park, Eun-chan and Wu, Xin-wen},
  booktitle = {2017 19th International Conference on Advanced Communication Technology (ICACT)},
  doi       = {10.23919/ICACT.2017.7890239},
  isbn      = {978-89-968650-9-4},
  number    = {4},
  pages     = {877--888},
  publisher = {IEEE},
  volume    = {5},
  year      = {2017},
  language  = {english}
}
@article{Ong2011,
  title    = {{IEEE 802.11ac: Enhancements for very high throughput WLANs}},
  author   = {Ong, Eng Hwee and Kneckt, Jarkko and Alanen, Olli and Chang, Zheng and Huovinen, Toni and Nihtila, Timo},
  doi      = {10.1109/PIMRC.2011.6140087},
  isbn     = {9781457713484},
  issn     = {pending},
  journal  = {IEEE International Symposium on Personal, Indoor and Mobile Radio Communications, PIMRC},
  pages    = {849--853},
  year     = {2011},
  language = {english}
}
@article{Chandra2017,
  title    = {{Performance Analysis of IEEE 802.11ad MAC Protocol}},
  author   = {Chandra, Kishor and Prasad, R. Venkatesha and Niemegeers, Ignas},
  doi      = {10.1109/LCOMM.2017.2677924},
  issn     = {1089-7798},
  journal  = {IEEE Communications Letters},
  month    = {07},
  number   = {7},
  pages    = {1513--1516},
  volume   = {21},
  year     = {2017},
  language = {english}
}





%%%%%%%%%%%%%%%%%%%%%%%%%%%%%%%%%%%%%%%
% RFID IMPLEMENTATIONS
%%%%%%%%%%%%%%%%%%%%%%%%%%%%%%%%%%%%%%%

%
% ---- ОБЗОРЫ ------------------------------------------------------------
%
@inproceedings{Al-Jaroodi2009,
  title     = {{Middleware for RFID Systems: An Overview}},
  author    = {Al-Jaroodi, Jameela and Aziz, Junaid and Mohamed, Nader},
  booktitle = {2009 33rd Annual IEEE International Computer Software and Applications Conference},
  doi       = {10.1109/COMPSAC.2009.129},
  isbn      = {978-0-7695-3726-9},
  pages     = {154--159},
  publisher = {IEEE},
  year      = {2009},
  language  = {english}
}

@article{Razzaque2016,
  title    = {{Middleware for Internet of Things: A Survey}},
  author   = {Razzaque, Mohammad Abdur and Milojevic-Jevric, Marija and Palade, Andrei and Clarke, Siobhan},
  doi      = {10.1109/JIOT.2015.2498900},
  issn     = {2327-4662},
  journal  = {IEEE Internet of Things Journal},
  month    = {02},
  number   = {1},
  pages    = {70--95},
  volume   = {3},
  year     = {2016},
  language = {english}
}

@article{Kamoun2009,
  title    = {{RFID system management: state-of-the art and open research issues}},
  author   = {Kamoun, Faouzi},
  doi      = {10.1109/TNSM.2009.03.090305},
  issn     = {1932-4537},
  journal  = {IEEE Transactions on Network and Service Management},
  month    = {09},
  number   = {3},
  pages    = {190--205},
  volume   = {6},
  year     = {2009},
  language = {english}
}


%
% ---- Архитектура -----------------------------------------------------------
%
@article{Hoag2006,
  title    = {{Architecting RFID Middleware}},
  author   = {Hoag, J.E. and Thompson, C.W.},
  doi      = {10.1109/MIC.2006.94},
  issn     = {1089-7801},
  journal  = {IEEE Internet Computing},
  month    = {09},
  number   = {5},
  pages    = {88--92},
  volume   = {10},
  year     = {2006},
  language = {english}
}

@inproceedings{Yu2009,
  title     = {{Message Publish/Subscribe System of RFID Middleware}},
  author    = {Yu, Jian and Lai, Shengli},
  booktitle = {2009 International Conference on New Trends in Information and Service Science},
  doi       = {10.1109/NISS.2009.55},
  isbn      = {978-0-7695-3687-3},
  month     = {06},
  pages     = {288--292},
  publisher = {IEEE},
  year      = {2009},
  language  = {english}
}

@inproceedings{XiuLi2012,
  title     = {{A design for RFID middleware system extended from ALE specification}},
  author    = {{Xiu Li} and {Zhan Xu} and {Lifang Wu}},
  booktitle = {2012 IEEE International Conference on Computer Science and Automation Engineering},
  doi       = {10.1109/ICSESS.2012.6269458},
  isbn      = {978-1-4673-2008-5},
  month     = {06},
  pages     = {271--274},
  publisher = {IEEE},
  year      = {2012},
  language  = {english}
}

@inproceedings{Koutsoubelias2007,
  title     = {{Design and Implementation of an Extensible Architecture for the Efficient Remote Access of Simple RFID-Readers}},
  author    = {Koutsoubelias, Manos and Lalis, Spyros},
  booktitle = {2007 IEEE 18th International Symposium on Personal, Indoor and Mobile Radio Communications},
  doi       = {10.1109/PIMRC.2007.4394196},
  isbn      = {978-1-4244-1143-6},
  pages     = {1--5},
  publisher = {IEEE},
  year      = {2007},
  language  = {english}
}

@inproceedings{Chien-ChangHsu2008,
  title     = {{An intelligent high available RFID middleware}},
  author    = {{Chien-Chang Hsu} and {Hsin Mei} and {Chun-Sho Lee} and {Da-Gang Lee}},
  booktitle = {2008 International Conference on Machine Learning and Cybernetics},
  doi       = {10.1109/ICMLC.2008.4620952},
  isbn      = {978-1-4244-2095-7},
  month     = {07},
  pages     = {3166--3171},
  publisher = {IEEE},
  year      = {2008},
  language  = {english}
}

@article{Floerkemeier2007,
  title    = {{RFID Application Development With the Accada Middleware Platform}},
  author   = {Floerkemeier, Christian and Roduner, Christof and Lampe, Matthias},
  doi      = {10.1109/JSYST.2007.909778},
  issn     = {1932-8184},
  journal  = {IEEE Systems Journal},
  month    = {12},
  number   = {2},
  pages    = {82--94},
  volume   = {1},
  year     = {2007},
  language = {english}
}



%
% ---- Применения по областям ------------------------------------------------
%
@inproceedings{Chamekh2017,
  title     = {{Context aware middleware for RFID based pharmaceutical supply chain}},
  author    = {Chamekh, Marwa and {El Asmi}, Sadok and Hamdi, Mohamed and Kim, Tai-Hoon},
  booktitle = {2017 13th International Wireless Communications and Mobile Computing Conference (IWCMC)},
  doi       = {10.1109/IWCMC.2017.7986576},
  isbn      = {978-1-5090-4372-9},
  month     = {jun},
  pages     = {1915--1920},
  publisher = {IEEE},
  year      = {2017},
  language  = {english}
}

@article{Aazam2016,
  title    = {{Fog Computing: The Cloud-IoT$\backslash$/IoE Middleware Paradigm}},
  author   = {Aazam, Mohammad and Huh, Eui-Nam},
  doi      = {10.1109/MPOT.2015.2456213},
  issn     = {0278-6648},
  journal  = {IEEE Potentials},
  month    = {05},
  number   = {3},
  pages    = {40--44},
  volume   = {35},
  year     = {2016},
  language = {english}
}

@article{Schreiber2012,
  title    = {{PerLa: A Language and Middleware Architecture for Data Management and Integration in Pervasive Information Systems}},
  author   = {Schreiber, F. A. and Camplani, R. and Fortunato, M. and Marelli, M. and Rota, G.},
  doi      = {10.1109/TSE.2011.25},
  issn     = {0098-5589},
  journal  = {IEEE Transactions on Software Engineering},
  month    = {03},
  number   = {2},
  pages    = {478--496},
  volume   = {38},
  year     = {2012},
  language = {english}
}

@article{Cho2007,
  title    = {{SARIF: A novel framework for integrating wireless sensor and RFID networks}},
  author   = {Cho, Jaekyu and Shim, Yoonbo and Kwon, Taekyoung and Choi, Yanghee and Kim, Sooyeon},
  doi      = {10.1109/MWC.2007.4407227},
  issn     = {1536-1284},
  journal  = {IEEE Wireless Communications},
  month    = {12},
  number   = {6},
  pages    = {50--56},
  volume   = {14},
  year     = {2007},
  language = {english}
}

@inproceedings{JongyoungLee2006,
  title     = {{Performance Test Tool for RFID Middleware: Parameters, Design, Implementation, and Features}},
  author    = {{Jongyoung Lee} and {Naesoo Kim}},
  booktitle = {2006 8th International Conference Advanced Communication Technology},
  doi       = {10.1109/ICACT.2006.205940},
  isbn      = {89-5519-129-4},
  pages     = {149--152},
  publisher = {IEEE},
  year      = {2006},
  language  = {english}
}

@inproceedings{Li2010,
  title     = {{Monitor and control system with RFID technology in discrete manufacturing line}},
  author    = {Li, Na and Tan, Jie and Zhu, Zhiyuan},
  booktitle = {2010 IEEE International Conference on RFID-Technology and Applications},
  doi       = {10.1109/RFID-TA.2010.5529863},
  isbn      = {978-1-4244-6697-9},
  month     = {06},
  pages     = {71--76},
  publisher = {IEEE},
  year      = {2010},
  language  = {english}
}

@inproceedings{Shah2016,
  title     = {{RFID based school bus tracking and security system}},
  author    = {Shah, Shraddha and Singh, Bharti},
  booktitle = {2016 International Conference on Communication and Signal Processing (ICCSP)},
  doi       = {10.1109/ICCSP.2016.7754404},
  isbn      = {978-1-5090-0396-9},
  month     = {04},
  pages     = {1481--1485},
  publisher = {IEEE},
  year      = {2016},
  language  = {english}
}

@article{Thompson2007,
  title    = {{Identity Management}},
  author   = {Thompson, Craig W. and Thompson, Dale R.},
  doi      = {10.1109/MIC.2007.60},
  issn     = {1089-7801},
  journal  = {IEEE Internet Computing},
  month    = {05},
  number   = {3},
  pages    = {82--85},
  volume   = {11},
  year     = {2007},
  language = {english}
}

@article{Bashir2011,
  title    = {{Mobile RFID and its design security issues}},
  author   = {Bashir, Ali and Chauhdary, Sajjad and Shah, Sayed and Park, Myong-soon},
  doi      = {10.1109/MPOT.2011.940230},
  issn     = {0278-6648},
  journal  = {IEEE Potentials},
  month    = {07},
  number   = {4},
  pages    = {34--38},
  volume   = {30},
  year     = {2011},
  language = {english}
}

@inproceedings{Fouladgar2007,
  title     = {{A Simple Delegation Scheme for RFID Systems (SiDeS)}},
  author    = {Fouladgar, Sepideh and Afifi, Hossam},
  booktitle = {2007 IEEE International Conference on RFID},
  doi       = {10.1109/RFID.2007.346142},
  isbn      = {1-4244-1012-6},
  pages     = {1--6},
  publisher = {IEEE},
  year      = {2007},
  language  = {english}
}

@article{Abad2012,
  title     = {Managing RFID Sensors Networks with a General Purpose RFID Middleware},
  author    = {Ismael Abad and Carlos Cerrada and Jose A. Cerrada and Rubén Heradio and Enrique Valero},
  doi       = {10.3390/S120607719},
  issue     = {6},
  journal   = {Sensors 2012, Vol. 12, Pages 7719-7737},
  month     = {6},
  pages     = {7719-7737},
  publisher = {Molecular Diversity Preservation International},
  volume    = {12},
  year      = {2012},
  language  = {english}
}

@article{Henao2019,
  title     = {Implementation of RFID Middleware Based on Client-Multiserver Architecture for Traceability of Autoparts},
  author    = {Daniel Henao-Jaramillo and Daniel Alejandro Montoya-Tamayo and Yolanda Alvarez-Rios and Victor Hugo Aristizabal-Tique},
  doi       = {10.1109/TLA.2019.8896815},
  issue     = {6},
  journal   = {IEEE Latin America Transactions},
  month     = {6},
  pages     = {930-936},
  publisher = {IEEE Computer Society},
  volume    = {17},
  year      = {2019},
  language  = {english}
}

@article{Santos2019,
  title     = {On the Design and Implementation of an IoT based Architecture for Reading Ultra High Frequency Tags},
  author    = {Yago Luiz dos Santos and Edna Dias Canedo},
  doi       = {10.3390/INFO10020041},
  issue     = {2},
  journal   = {Information 2019, Vol. 10, Page 41},
  month     = {1},
  pages     = {41},
  publisher = {Multidisciplinary Digital Publishing Institute},
  volume    = {10},
  year      = {2019},
  language  = {english}
}

@inproceedings{Rouchdi2018,
  title     = {RFID Application to Airport Luggage Tracking as a Green Logistics Approach},
  author    = {Yassir Rouchdi and Achraf Haibi and Khalid El Yassini and Mohammed Boulmalf and Kenza Oufaska},
  doi       = {10.1109/CIST.2018.8596629},
  booktitle = {Colloquium in Information Science and Technology, CIST},
  month     = {12},
  pages     = {642-649},
  publisher = {IEEE},
  year      = {2018},
  language  = {english}
}

@inproceedings{Figueroa2019,
  title     = {An attribute-based access control using chaincode in RFID systems},
  author    = {Santiago Figueroa and Javier Anorga and Saioa Arrizabalaga and Inigo Irigoyen and Mario Monterde},
  doi       = {10.1109/NTMS.2019.8763824},
  booktitle = {2019 10th IFIP International Conference on New Technologies, Mobility and Security, NTMS 2019 - Proceedings and Workshop},
  month     = {6},
  publisher = {IEEE},
  year      = {2019},
  language  = {english}
}

@inproceedings{Zhang2018,
  title     = {The university library management system based on radio frequency identification},
  author    = {Jin Feng Zhang and Chang Ji Wen},
  doi       = {10.1109/CISP-BMEI.2017.8302176},
  booktitle = {Proceedings - 2017 10th International Congress on Image and Signal Processing, BioMedical Engineering and Informatics, CISP-BMEI 2017},
  month     = {2},
  pages     = {1-6},
  publisher = {IEEE},
  year      = {2018},
  language  = {english}
}

@inproceedings{Baskoro2018,
  title     = {Design considerations of RFID based baggage handling system, a literature review},
  author    = {Harjo Baskoro and Harjanto Prabowo and Agung Trisetyarso and Meyliana and Achmad Nizar Hidayanto},
  doi       = {10.1109/ICIMTECH.2017.8273539},
  booktitle = {Proceedings of 2017 International Conference on Information Management and Technology, ICIMTech 2017},
  month     = {1},
  pages     = {210-214},
  publisher = {IEEE},
  year      = {2018},
  language  = {english}
}

@article{Belsky2021,
  title           = {{БЕЗОПАСНОСТЬ RFID-СИСТЕМ}},
  author          = {Бельский, В.С. and Грибоедова, Е.С. and Царегородцев, К.Д. and Чичаева, А.А.},
  journal         = {International Journal of Open Information Technologies},
  number          = {9},
  year            = {2021},
  language        = {russian}
}
